2820 5052
689 337 877 438 Q.

246 523 425 612 Praecipua
439 523 469 588 ei
484 523 537 590 est
551 523 692 590 omnium
704 545 812 592 rerum
827 523 980 612 cognitio.
1024 521 1134 590 Sumit
1144 523 1244 610 igitur
1256 545 1292 590 ex
1303 546 1366 590 una-

180 647 308 714 quaque
324 625 495 712 disciplina
507 626 540 692 id
556 625 641 715 quod
656 625 781 692 confert
796 625 837 694 ad
852 626 1033 694 veritatem.
1078 625 1134 692 Sic
1154 647 1226 692 eum
1239 626 1368 692 adiuvant

178 727 314 804 musica,
330 727 545 806 arithmetica,
561 727 767 815 geometrica,
784 727 992 812 astronomia,
1009 749 1073 818 qua
1087 725 1252 794 Abraham
1262 727 1367 792 adiutus

179 829 329 896 ascendit
343 829 385 894 ad
406 830 620 918 cognitionem
642 831 728 909 eius,
749 832 805 917 qui
826 835 916 898 astra
937 830 1069 897 creavit.
1114 828 1290 896 Dialectica
1306 849 1368 914 gno-

181 932 283 998 sticus
299 931 448 1020 pervenit
461 932 502 996 ad
517 933 622 1020 prima
642 933 676 998 ct
697 933 866 1023 simplicia.
911 931 999 1000 Sunt
1019 936 1139 1010 autem,
1160 931 1226 1018 qui,
1246 935 1283 996 ut
1299 928 1369 1018 pueri

178 1035 298 1112 larvas,
321 1034 537 1102 extimescant
561 1035 807 1123 philosophiam.
852 1035 919 1102 Sed
944 1036 972 1101 si
998 1035 1074 1100 talis
1101 1057 1211 1100 eorum
1236 1035 1286 1100 est
1307 1031 1368 1096 fides

180 1137 413 1224 (cognitionem
433 1159 498 1204 non
518 1137 669 1222 dixerim)
695 1141 735 1202 ut
760 1137 916 1206 orationis
936 1137 1165 1233 probabilitate
1186 1134 1368 1210 dissolvatur,

180 1259 215 1304 se
235 1259 300 1304 non
319 1237 437 1306 habere
457 1239 629 1306 veritatem
649 1237 797 1306 fatentur
803 1264 812 1318 ;
835 1238 957 1306 veritas
978 1243 1031 1306 est
1054 1239 1186 1317 invicta,
1207 1236 1369 1304 dissolvitur

178 1339 262 1406 falsa
277 1341 411 1429 opinio.¹
438 1341 622 1432 Purpuram
642 1341 776 1408 alterius
796 1363 959 1430 purpurae
977 1342 1216 1430 comparatione
1235 1339 1367 1426 eligimus.

180 1442 296 1525 Qualis
321 1445 494 1532 trapetiza,
521 1445 577 1530 qui
602 1466 667 1510 non
694 1449 807 1533 potest
830 1443 967 1533 probare
992 1446 1026 1512 et
1052 1445 1233 1512 discernere
1258 1440 1368 1532 probum

177 1569 343 1614 nummum
360 1545 477 1612 afalso
493 1548 528 1611 et
541 1545 742 1613 adulterino?
775 1548 822 1614 In
843 1551 1047 1630 aeternum
1073 1571 1149 1615 non
1176 1565 1368 1614 commoue-

33 1679 44 1700 ·
176 1647 290 1738 bitur
311 1649 443 1714 iustus
452 1671 461 1725 3
484 1669 588 1734 neque
601 1649 709 1716 fallaci
724 1649 880 1730 oratione,
895 1673 1000 1740 neque
1013 1649 1097 1716 salsa
1111 1650 1288 1739 voluptate.
1325 1642 1367 1710 Ab

130 1831 132 1843 Ι
177 1751 386 1817 auditione
412 1751 636 1836 ergomala
662 1775 739 1842 non
766 1752 936 1819 timebit.
993 1751 1058 1818 Est
1087 1753 1199 1819 autem
1228 1749 1369 1816 dialectica

177 1852 279 1918 veluti
294 1853 398 1918 vallus
414 1852 555 1938 quidum,
571 1877 612 1920 ne
626 1854 747 1921 veritas
763 1855 968 1923 conculcetur
979 1877 999 1920 a
1011 1854 1177 1944 sophistis.
1202 1850 1368 1938 Quaerite

93 1943 96 1954 ⁴
176 1977 271 2042 ergo
286 1978 387 2035 eum,
410 1955 458 2020 ait
471 1955 647 2044 Propheta,
663 1959 704 2022 et
718 1956 1028 2024 confirmemini:
1051 1957 1237 2042 quaerite
1251 1955 1367 2024 taciem

178 2059 262 2124 eius
284 2060 482 2146 perpetuo
504 2058 605 2130 mollis
630 2061 787 2132 omnibus(
833 2058 918 2124 Nam
945 2081 1044 2145 quum
1065 2059 1323 2128 multifariam
1340 2055 1367 2118 et

175 2161 316 2226 multis
339 2159 462 2226 modis
485 2158 614 2228 locutus
635 2161 695 2239 sit,
721 2183 786 2228 non
810 2183 876 2228 uno
901 2161 997 2233 modo
1021 2161 1240 2248 cognoscitur.
1282 2155 1366 2224 Disci-

57 2291 61 2298 ·
174 2263 283 2352 plinae
297 2264 400 2350 igitur
413 2263 562 2350 gnostico
576 2281 642 2328 non·
652 2263 792 2348 virtutes
808 2263 948 2351 quidem,
964 2264 1099 2330 atenim
1114 2263 1297 2330 adiutrices.
1321 2257 1367 2324 list

39 2449 43 2456 ι
174 2365 261 2431 enim
285 2366 389 2432 omnis
416 2365 532 2430 erroris
559 2365 727 2452 omnisque
752 2366 854 2432 falsae
880 2367 1041 2454 opinionis
1067 2389 1181 2432 causa:
1205 2379 1366 2452 nonposse

176 2466 367 2544 discernere,
388 2489 529 2554 quanam
548 2467 674 2534 ratione
694 2470 888 2536 conveniant
906 2469 993 2536 inter
1014 2491 1049 2534 se
1069 2491 1117 2547 ea,
1144 2491 1229 2554 quas
1249 2469 1327 2542 sun-t,
1344 2463 1367 2526 el

68 2607 76 2623 ·
176 2570 335 2656 quomodo
351 2569 511 2635 differant.
557 2569 634 2636 Sine
649 2570 709 2636 hac
723 2571 927 2638 discernendi
946 2571 1104 2638 facultate
1124 2571 1206 2636 nibil
1226 2569 1287 2636 nisi
1300 2587 1366 2633 com·

174 2672 319 2737 munium
334 2695 407 2746 cum
422 2671 560 2762 propriis
575 2671 730 2738 confusio.
753 2673 927 2742 Nominum
941 2697 1038 2763 porro
1053 2677 1088 2740 et
1101 2695 1211 2740 rorum
1224 2665 1366 2738 distinctio

173 2771 208 2840 in
222 2774 304 2862 ipsis
320 2795 445 2860 quoque
462 2771 632 2860 scripturis
646 2796 798 2864 magnam
812 2777 917 2844 lucem
932 2778 1027 2843 affert
1046 2775 1173 2844 animis.
1218 2771 1365 2862 Significa-

173 2876 279 2942 tiones
294 2876 379 2941 enim
394 2897 508 2942 vocum
523 2878 558 2940 et
572 2875 772 2944 diversarum
788 2883 822 2946 et
837 2880 981 2948 eiusdem
1003 2879 1150 2964 diversae
1171 2881 1251 2946 sunt
1268 2872 1365 2940 disiun·
1390 2867 1393 2874 ’

125 2997 132 3006 ·
173 2979 308 3066 gandae.
352 2980 558 3064 Quamquam
573 2979 696 3046 multus
712 2978 803 3046 labor
817 2985 852 3048 et
865 2982 991 3049 inutilis
1011 2981 1164 3048 vitandus
1180 2982 1243 3047 est
1278 2976 1365 3058 Neque

172 3081 275 3170 igitur
299 3103 409 3148 eorum
434 3081 568 3168 ignarus
594 3082 657 3147 erit
682 3083 867 3170 gumildus,
900 3083 983 3172 qbae
1008 3085 1049 3150 ad
1075 3077 1279 3172 disciplinas,
1305 3094 1365 3164 quet

170 3184 302 3261 vocant,
323 3182 502 3269 encyclicas
523 3186 675 3270 spectant
692 3185 916 3274 percipiendas
937 3189 972 3252 et
995 3187 1037 3252 ad
1064 3185 1224 3252 Graecam
1250 3180 1365 3271 philoso-

172 3284 292 3372 phiam.
345 3285 439 3350 Haec
464 3286 572 3350 omnia
596 3288 706 3352 autem
732 3309 797 3353 non
829 3290 962 3375 propter
989 3288 1164 3376 semetipsa
1190 3275 1365 3362 diceresed

172 3386 307 3452 aliorum
323 3407 430 3452 causa.
476 3386 605 3469 Quibus
619 3387 765 3476 improba
785 3392 925 3454 utuntur
944 3389 1106 3467 haereses,
1127 3389 1177 3456 his
1192 3390 1269 3478 ,ipse
1287 3385 1364 3454 recte·

86 3510 92 3518 ·
172 3488 453 3572 Quemadmodum
473 3493 584 3554 autem
604 3487 653 3553 sol
671 3487 857 3557 illuminans
878 3489 999 3560 colores
1021 3496 1056 3558 et
1075 3492 1185 3558 album
1205 3495 1240 3558 et
1257 3490 1365 3576 nigrum

172 3592 327 3671 ostendit,
355 3590 459 3676 qualis
488 3591 533 3656 sit
552 3593 704 3676 uterque:
729 3591 775 3658 sio
794 3592 868 3683 ipsa
886 3592 1090 3683 philosophia
1116 3594 1244 3662 Graeca
1268 3585 1365 3660 refellit

171 3717 297 3762 omnem
322 3694 479 3759 sermonis
494 3691 766 3780 probabilitatem.
813 3693 934 3762 Merito
949 3719 968 3760 a
985 3682 1121 3763 Graecis
1136 3719 1263 3786 quoque
1281 3689 1365 3761 aocla-

170 3800 295 3864 matum
315 3799 382 3862 est:
411 3793 657 3884 Principium
678 3819 840 3883 magnae
861 3797 1033 3886 virtutis
1054 3799 1197 3885 ragina
1219 3796 1361 3866 veritas·

233 3899 400 3966 Abraham
416 3901 535 3976 autem,
551 3899 637 3964 utin
652 3900 860 3977 astronomia,
876 3900 923 3966 sic
936 3900 971 3966 in
985 3901 1189 3974 arithmetica
1204 3897 1363 3987 exemplum

168 4000 335 4081 habemus,
349 4000 385 4066 id
399 3999 486 4087 quod
500 4021 541 4066 ex
555 3999 649 4080 belle,
665 4001 751 4088 quod
765 4001 870 4090 gessit
884 4003 925 4068 ad
939 4003 1142 4070 liberandum
1161 4004 1260 4082 Loth,
1278 4017 1362 4088 appe·

170 4108 229 4172 ret
246 4145 288 4156 --
303 4105 368 4172 Hic
383 4127 423 4170 ex
438 4123 571 4170 numero
586 4105 650 4170 318
665 4107 866 4190 occasionem
887 4106 988 4172 sumit
1008 4106 1050 4172 ad
1070 4106 1316 4196 disputationem
1333 4097 1363 4162 de

130 4272 134 4278 ,
167 4229 372 4276 numerorum
387 4203 431 4284 vi,
447 4215 544 4292 quani
558 4205 666 4293 legere
680 4208 782 4287 iurat,
798 4231 858 4276 neo
871 4231 947 4276 vero
962 4209 1204 4278 transscribere
1226 4202 1362 4276 Similiter

167 4311 363 4400 geometriae
388 4309 567 4375 utilitatem
592 4309 634 4374 ad
656 4310 827 4377 veritatem
858 4309 1102 4398 significandam
1134 4300 1362 4378 oemidioitl11

168 4413 274 4481 sancti
303 4409 510 4479 tabernaculi
540 4413 575 4478 et
603 4434 695 4479 arcae
724 4413 973 4484 constructione.
1026 4413 1156 4482 Deinde
1185 4411 1288 4502 pergit
1313 4404 1361 4470 hot

165 4515 272 4584 modo.
288 4555 328 4566 -
344 4513 490 4580 Musicae
504 4516 613 4582 autem
628 4515 809 4606 exemplum
819 4515 962 4604 psallens
976 4518 1011 4584 et
1024 4515 1225 4606 prophetans
1240 4509 1360 4606 ponatur

22 4639 28 4650 ·
165 4615 286 4699 David,
301 4615 455 4688 macinae
469 4615 566 4686 deum
579 4619 614 4719 et
627 4637 796 4688 numerose
809 4617 956 4688 laudans.
998 4618 1046 4686 Et
1059 4619 1139 4688 haec
1152 4611 1358 4710 ,quidmirar-
