2884 5058
559 324 761 426 *app—

72 499 205 590 rentia,
227 509 310 578 sire
331 497 496 598 co'gnita
524 509 609 578 sive
634 509 842 607 ignorate,
870 505 1067 576 differunt
1091 509 1199 578 inter
1227 533 1268 580 se
1349 597 1357 607 μ

71 609 291 702 philosophi.
347 688 350 694 Ι
411 665 414 670 .
1051 611 1054 616 ’

122 714 230 804 Atque
244 713 305 782 hoc
317 713 426 804 ipsum
440 713 583 782 indicare
596 713 668 782 vult
682 716 717 779 et
737 711 830 800 quasi
849 711 952 796 digito
973 710 1194 782 demonstrare
1208 737 1268 783 no·

72 817 177 884 strum:
201 815 464 906 Standpunct.
507 815 547 882 Id
565 815 653 905 quod
673 813 795 904 optime
813 813 1024 900 intelligetur,
1043 816 1070 882 si
1084 839 1104 882 a
1120 817 1267 886 sensibus

70 915 517 1010 horumqueperceptionibus
544 917 786 984 similitudinem
810 915 1008 1004 petierimus.
1050 917 1135 986 Nam
1155 943 1175 985 a
1195 943 1269 988 sen·

71 1019 148 1087 sibus
162 1021 242 1088 illud
256 1021 364 1109 ipsum
380 1017 587 1108 Standpunct
600 1020 641 1086 ad
656 1013 797 1086 mentem
817 1017 1023 1104 translatum·
1035 1024 1097 1088 est.
1142 1019 1269 1104 Quodsi

70 1123 196 1209 regionis
217 1121 386 1201 cuiusdam
407 1121 557 1210 pulchrae
577 1126 612 1188 et
632 1142 783 1188 amoenae
805 1121 993 1209 adspectum
1016 1123 1199 1212 quaerimus
1218 1125 1270 1190 iu-

70 1223 301 1306 cundissimum,
317 1249 390 1314 eum
404 1227 520 1303 locum,
536 1226 587 1294 rel
598 1225 706 1314 potius
728 1221 790 1290 looi
810 1225 1017 1311 punctum,
1041 1247 1104 1312 quo
1119 1226 1167 1292 ita
1183 1229 1270 1294 stara

70 1327 231 1414 possimus,
254 1333 293 1398 ut
307 1331 393 1396 inter
412 1352 528 1396 sensus
548 1330 678 1394 nostros
699 1327 733 1390 et
752 1324 880 1414 plenam
898 1325 1001 1392 totius'
1019 1325 1115 1394 huius
1134 1331 1272 1398 naturas

70 1432 242 1518 apparentis
257 1431 528 1521 pulchritudinem
542 1433 631 1497 recta
645 1427 825 1496 intercedat
838 1426 932 1504 ratic,
947 1425 1151 1514 indagamus.
1176 1431 1271 1509 Sta·
1362 1489 1367 1496 .

69 1529 179 1598 tionis
202 1533 377 1622 optimae
399 1539 607 1624 punctum,
629 1532 658 1598 si
673 1553 750 1598 voce
770 1554 880 1598 vocem
900 1529 1033 1598 reddere
1051 1530 1158 1612 liceat,
1180 1533 1269 1602 inve·

71 1633 241 1720 stigamus..
270 1635 317 1702 Et
339 1637 386 1704 sic
408 1637 537 1726 quidem
555 1635 730 1700 habeamus
752 1635 891 1723 oportet,
912 1631 968 1698 ubi
987 1636 1109 1700 stemus
1130 1633 1272 1724 philoso-
1396 1638 1398 1652 '

70 1733 198 1824 phaturi,
213 1739 254 1806 ut
268 1739 358 1804 recta
372 1737 458 1806 inter
472 1739 773 1824 mentemnostram
788 1738 822 1803 et
836 1735 996 1802 essentias
1016 1735 1100 1802 ratio
1116 1741 1272 1806 servetur.

70 1839 167 1928 Atque
180 1841 267 1908 sicut
282 1840 411 1926 longam
427 1845 463 1908 et
476 1841 615 1930 amplam
629 1843 792 1926 regionem
802 1838 987 1927 adspecturi
999 1837 1033 1904 in
1043 1837 1148 1906 locum
1159 1861 1272 1908 ascen·
1313 1867 1316 1874 ⁴

70 1939 162 2008 dimus
177 1943 303 2009 editum
317 1941 479 2031 nullisque
493 1943 683 2032 impeditum
699 1937 883 2009 arboribus:
905 1940 954 2006 ita
968 1963 1105 2032 quoquc,
1126 1943 1182 2008 ubi
1201 1942 1273 2032 phi·
1400 1946 1404 1952 ’

70 2039 266 2132 Iosophantcs
288 2044 438 2111 volumus
464 2049 567 2124 stare,
595 2043 702 2111 omnia
720 2041 951 2132 impedimenta
974 2044 1167 2111 removenda
1186 2047 1296 2112 sunt?

70 2141 159 2214 Velut
173 2149 340 2238 opiniones
356 2147 592 2238 praeiudicatae
609 2146 793 2212 excidamus
810 2148 939 2234 oportet
954 2145 1068 2235 quovis
1084 2145 1189 2214 rnodo.
1236 2146 1275 2219 Si

69 2247 134 2334 quid
146 2251 230 2316 enim
240 2251 470 2340 interpositum
481 2253 543 2329 est,
555 2251 594 2314 ut
606 2249 713 2314 omnia
723 2247 888 2312 videamus
900 2269 1061 2336 perversa,
1071 2248 1140 2314 fieri
1152 2251 1273 2337 potest.

69 2347 358 2437 Virgarectissima,
375 2376 459 2441 aqua
472 2351 558 2416 inter
570 2351 722 2439 ipsamet
735 2349 844 2415 oeulos
860 2348 944 2426 fusa,
960 2349 1103 2434 cespitur
1115 2351 1208 2439 quasi
1215 2351 1275 2418 ob-

67 2449 150 2542 liqua.
174 2450 1061 2544 Similiterpraeiudicatorumaquaomniafaoitobliqua
1085 2451 1274 2544 Quidquan-
1412 2461 1415 2464 ’

68 2556 127 2621 tum
137 2557 365 2647 nocerepossit
377 2557 615 2646 philosophanti
630 2555 780 2648 quamvis
794 2554 906 2622 subtili
920 2555 1027 2644 opinio
1042 2555 1273 2644 praeiudicata,

69 2657 206 2728 admirari
221 2659 417 2746 volueritis
432 2661 528 2740 velim
548 2661 639 2748 legat
658 2659 854 2750 prooemium
869 2657 904 2722 in
912 2656 1049 2744 ,Hegelii
1068 2657 1198 2740 librum,
1219 2658 1276 2750 qui

67 2755 245 2830 inscribitur
266 2761 400 2850 Logica.
444 2761 484 2829 In
500 2785 563 2851 quo
569 2809 578 2841 ,
595 2787 697 2852 quum
707 2762 827 2840 ideam,
843 2761 898 2833 vel
910 2759 1019 2848 potius
1038 2761 1225 2848 notionem,
1237 2763 1277 2831 ut

68 2865 273 2932 essentiarum
289 2887 447 2946 summam
461 2864 554 2930 initio
569 2866 603 2930 in
619 2851 653 2930 se
670 2863 795 2952 sibique
810 2861 869 2929 soli
884 2861 998 2941 fuisse,
1014 2887 1096 2953 quae
1112 2864 1275 2952 deinceps,

68 2969 250 3052 quomodo
265 2966 420 3034 omuibus
429 2967 659 3038 nescientibus,
677 2989 698 3030 a
713 2988 747 3030 se
762 2965 834 3054 ipsa
850 2965 943 3054 quasi
958 2964 1109 3031 deficiens
1123 2967 1158 3032 in
1172 2969 1276 3034 mate·
1338 2975 1352 3056 Ἰ

68 3065 137 3135 riam
157 3071 305 3136 demersa
328 3071 362 3150 et
381 3071 581 3136 commutata
600 3060 665 3134 iani
685 3068 823 3156 denique
844 3067 1025 3132 in-hcmine
1050 3067 1092 3132 ad
1113 3089 1147 3133 se
1167 3090 1275 3136 rever·

69 3171 194 3255 teretur,
221 3171 478 3262 praeiudicatum
499 3171 528 3236 ei
552 3175 655 3239 esset:
679 3171 713 3253 in
738 3167 798 3236 hcc
827 3169 929 3256 igitur
954 3169 1058 3258 qualis
1078 3192 1116 3236 ac
1142 3174 1275 3260 quanta,

68 3275 276 3358 pulcherrimo.
289 3297 519 3363 saepenumero
534 3273 766 3361 disputationip
781 3271 894 3340 ordine
909 3273 943 3337 et
959 3271 1152 3352 subtilitate,
1167 3295 1275 3340 rerum

68 3379 199 3446 omnium
213 3377 417 3468 perturbatio
432 3374 894 3464 opinionumqueperversitas,
907 3373 1011 3462 qualis
1023 3396 1062 3440 ac
1073 3379 1195 3462 quanta
1206 3376 1275 3444 veri

69 3499 132 3546 cum
145 3481 229 3560 falso
244 3479 453 3548 consociatio!

123 3582 190 3650 Nec
204 3604 281 3664 pero
297 3582 402 3652 solum
416 3581 647 3668 impedimenta
662 3575 907 3654 contrahenda,
924 3576 991 3656 sed,
1012 3579 1098 3666 quod
1112 3579 1158 3646 rei
1174 3577 1281 3668 caput

69 3686 123 3762 est,
138 3685 236 3752 etiam
251 3689 301 3752 vis
315 3685 351 3750 in
364 3684 492 3752 homine
515 3679 729 3770 cognoscendi
745 3681 789 3746 ut
808 3679 881 3768 ipsa
900 3684 1126 3766 cognoscatur,
1148 3683 1275 3751 eniten-

68 3781 136 3851 dum
147 3792 198 3854 est
208 3785 376 3875 principio.
398 3785 444 3850 Et
458 3785 524 3852 noli
539 3783 669 3871 quidem
682 3782 760 3849 mihi
775 3781 923 3861 obiicere,
939 3781 999 3848 hou
1015 3783 1043 3850 si
1058 3785 1130 3870 quis
1142 3785 1274 3865 faceret,

69 3907 135 3954 eum
149 3911 339 3977 cognoscere
354 3887 476 3974 aliquid
491 3887 572 3966 velle
592 3886 794 3974 priusquam,
814 3883 871 3950 ubi
890 3887 994 3950 staret
1012 3885 1055 3951 ad
1075 3908 1275 3974 cognoscem

69 3985 148 4069 du'm,
167 3989 311 4058 haberet.
355 3990 439 4056 Nam
461 3992 530 4058 stat
553 3989 647 4056 homo
667 3987 786 4056 alicubi
808 4009 949 4076 semper,
971 3989 1118 4073 quamvis
1138 3993 1275 4072 certum,

68 4089 117 4156 ubi
131 4098 206 4173 stet,
222 4093 328 4160 locum
342 4093 447 4160 adhuc
459 4092 592 4160 nesciat
639 4091 821 4158 Stationem
833 4093 925 4154 tenet
946 4092 1043 4155 etiam
1064 4092 1226 4176 quandam
1240 4093 1276 4165 in

68 4197 180 4274 monte,
205 4196 259 4282 qui
279 4195 756 4282 iucundissimumadspectum
777 4213 930 4278 quaerere
949 4191 1080 4280 incipit,
1101 4198 1275 4282 antequam
1409 4268 1411 4271 .

69 4299 198 4378 quaerit.
241 4297 430 4386 Philospphi
445 4301 496 4364 est
510 4297 611 4386 igitur
627 4293 827 4381 suam-quasi
843 4293 1026 4373 stationem,
1048 4319 1143 4382 quam
1159 4300 1273 4364 tenen-0

68 4395 129 4464 tem
144 4422 178 4466 se
191 4399 315 4468 invenit
329 4401 436 4468 factus
452 4399 675 4480 suiconscius,
694 4398 886 4482 examinare,
908 4397 1011 4482 qualis
1033 4399 1087 4478 sit,
1109 4403 1144 4466 et
1163 4405 1273 4470 utrum

69 4499 194 4585 optima,
207 4526 251 4570 an
265 4504 383 4581 minus.
416 4502 522 4588 Atqui
537 4503 718 4582 examinare
734 4523 804 4566 eam
819 4498 948 4582 omnino
963 4501 1087 4588 nequit,
1102 4501 1167 4568 nisi
1182 4502 1273 4590 prius

70 4601 100 4666 et
113 4603 238 4686 interim
253 4628 294 4684 ea
306 4607 431 4690 utatur,
446 4605 526 4676 duce
541 4604 615 4694 ipsa
633 4609 770 4674 naturae
791 4624 869 4670 suae
889 4603 1036 4694 bonitate
1056 4604 1091 4672 in
1111 4605 1273 4694 seipsum,

1038 4709 1071 4764 18
1107 4721 1116 4740 '
