2820 5052
717 317 793 394 teo.

657 405 859 424 apt—nu·-

213 503 446 590 Antiquissimi
465 502 647 592 philosophi
665 492 928 590 naquelitigiosi·
945 500 1079 580 inerunt
1103 520 1208 591 neque
1224 499 1346 576 studiosi

150 606 336 684 dubitandis
358 607 477 684 nedum
491 626 551 672 nos
574 606 719 692 quidem,
739 605 796 692 qui
814 605 1039 693 amplectimur
1069 627 1156 680 eam,
1185 625 1263 690 quae
1284 624 1346 668 vero

132 713 214 789 'est,
229 707 475 799 philosophiam,
496 729 577 792 quos
589 713 701 796 aperte
714 707 910 790 inventionis
926 728 1025 776 censa
1039 708 1081 775 ad
1098 704 1345 794 perscrutandum
1396 741 1397 780 Τ

153 833 306 900 quaerere
325 809 418 876 iubet
437 808 616 896 Scriptura.
660 808 727 876 Sed
745 811 940 894 recentiores
963 808 1163 879 Graecorum
1182 807 1347 896 philosophi
1396 799 1397 860 l

151 902 241 982 iliani
255 912 363 988 laudis
377 911 534 988 aviditate
552 911 696 989 incitati,
717 912 892 996 refellendo
914 913 1068 980 simulet
1085 909 1299 980 contendendo
1315 909 1347 976 od
1396 959 1397 1014 p

151 1039 257 1104 nugas
273 1015 476 1094 deducuntur
490 1013 632 1080 inutiles.
678 1011 802 1082 Contra
822 1037 899 1086 vero
913 1015 1051 1082 barbara
1065 1011 1274 1102 philosophia,
1291 1034 1351 1103 dms

150 1137 225 1189 nem
236 1116 401 1206 expellens
415 1116 669 1220 contentionem,
692 1119 901 1200 Quaerite,
923 1117 1046 1204 inquit,
1067 1118 1107 1182 et
1132 1113 1348 1194 invenietis;
1396 1171 1397 1190 ,

150 1221 328 1310 pulsate,
350 1223 391 1284 et
411 1219 635 1308 aporiotur3
663 1221 809 1308 petite,
836 1223 879 1286 ct
895 1220 1069 1288 'dabitur
1088 1217 1213 1286 vobis.
1254 1217 1349 1303 Atque

118 1399 123 1418 ,
151 1321 264 1412 pulsat
278 1321 407 1408 quidem
421 1321 631 1408 inquisitione
652 1323 739 1390 iores
753 1322 915 1390 veritatis.
957 1320 1204 1410 impedimentis
1218 1341 1346 1408 persoru·

151 1425 252 1508 tando
272 1423 411 1512 apertis,
425 1423 646 1510 'ingeneratur
666 1423 819 1518 scientius
835 1423 1075 1513 contemplatio.
1116 1421 1186 1488 Nec
1205 1443 1279 1488 vero
1295 1419 1348 1486 fieri

149 1529 270 1616 potest,
281 1530 326 1610 ut
334 1527 424 1616 quis,
446 1526 501 1616 qui
516 1548 582 1594 non
601 1529 744 1616 qusorit„
774 1525 935 1610 inveniam
959 1547 1063 1615 nequo
1082 1527 1121 1590 ut
1138 1527 1286 1614 quaerat,
1307 1521 1349 1610 qui
1396 1539 1397 1548 ¹

150 1649 215 1700 non
230 1631 471 1717 perscrutatur3
486 1649 591 1718 neque
602 1633 642 1696 ut
651 1632 886 1718 perscrutetur,
902 1629 1037 1718 quinon
1048 1626 1191 1716 explicat
1202 1627 1349 1716 aperitque

149 1729 390 1817 interrogando,
412 1730 455 1796 ad
466 1731 660 1798 evidentiam
681 1733 843 1800 deducens
860 1731 893 1798 id
909 1731 996 1820 quod
1010 1729 1311 1821 quaeriturpneque
1321 1729 1351 1792 ut

150 1833 191 1911 is,
207 1833 263 1921 qui
277 1854 336 1920 por
346 1836 532 1902 accuratum
549 1835 696 1922 procedit
706 1857 853 1917 examen,
874 1855 939 1900 non
954 1833 1092 1922 accipiat
1106 1832 1296 1920 praemium,
1313 1823 1350 1896 rei

151 1935 319 2025 quaesitae
339 1935 518 2002 scientiam.
561 1935 694 2002 Pulchri
717 1941 827 2004 autem
849 1935 1034 2022 inveniendi
1054 1935 1215 2002 desiderio
1239 1934 1349 2006 ductus,

152 2037 281 2128 quaerit
294 2037 444 2124 benigne,
464 2038 535 2104 sine
549 2039 767 2117 contentione,
791 2040 861 2108 sine
875 2039 997 2127 gloriae
1011 2023 1203 2125 cupiditate,
1223 2034 1349 2104 conside·

127 2221 130 2233 ,
151 2144 223 2206 rote
242 2140 472 2228 interrogando
491 2143 527 2206 et
545 2142 778 2229 respondendo.
823 2140 1002 2231 Oportet
1027 2141 1126 2208 enim
1147 2162 1224 2206 nou
1244 2138 1349 2206 ¹solun

152 2265 233 2320 eos,
263 2242 330 2332 qui
354 2243 402 2308 cd
429 2242 589 2312 divinas
621 2267 662 2312 so
688 2245 895 2336 applicant
922 2243 1176 2332 Scripturas,
1210 2241 1278 2308 sed
1299 2259 1350 2306 eos

152 2345 288 2423 otiam,
317 2345 383 2434 qui
409 2362 633 2432 coimmunes
661 2349 883 2436 sequuntur
910 2346 1115 2424 notiones,
1137 2345 1199 2412 ita
1226 2361 1349 2432 propo·

152 2469 246 2513 nere
268 2445 542 2536 quaestiones,
565 2451 609 2514 ut
629 2448 762 2518 iatine
784 2449 919 2538 aliquo
941 2448 1034 2518 utili
1056 2427 1350 2538 acquiescat‘iu·

153 2549 300 2618 ventio.
325 2547 550 2635 Excipiteniin
562 2549 645 2616 alius
659 2550 749 2618 locus
765 2554 800 2618 et
814 2551 879 2616 alia
892 2551 989 2617 turba
1004 2550 1213 2618 turbulentos
1226 2546 1350 2616 homno

146 2653 189 2718 'et
212 2649 355 2716 forenses
382 2673 564 2736 sermonum
583 2651 801 2736 inventionem
829 2675 903 2720 eum
922 2657 1048 2730 autem,
1077 2651 1133 2743 qui
1148 2651 1295 2718 veritatis
1312 2647 1350 2713 est

105 2774 109 2782 ’
153 2756 280 2840 amator
294 2752 439 2848 simulet
453 2754 641 2842 discipulus,
661 2756 830 2843 pacificum
845 2776 917 2826 esso
931 2759 1025 2826 decet
1038 2757 1137 2825 etium
1151 2754 1187 2821 in
1208 2751 1349 2846 quaestio-

121 2875 123 2882 ’
153 2855 945 2946 nibusetpergdemonsnationem&praepones
961 2859 1214 2936 siuesuiemore,
1227 2849 1348 2924 sedveri-

157 2959 237 3029 tatis
249 2959 423 3036 amanum,
435 2958 477 3024 ed
489 2960 707 3046 cognitionem
721 2962 926 3031 accedentem
938 2985 1011 3030 oum
1022 2961 1308 3050 comprehensione.
1320 2989 1350 3002 α

219 3061 267 3128 Et
276 3059 336 3128 hoc
351 3061 481 3151 quidem
496 3061 671 3150 fragmenti
685 3066 885 3152 prooemium
899 3069 962 3143 est,
985 3065 1070 3154 quod
1083 3063 1260 3154 ‘operto-ad
1272 3060 1350 3128 natu·

41 3207 47 3228 ,
145 3185 224 3263 yram
235 3163 521 3232 demonstrationis
542 3165 765 3254 explicandam
778 3171 960 3256 praeparat
1004 3167 1139 3256 Repetit
1154 3166 1240 3234 enim
1254 3161 1350 3232 adhor-

153 3267 321 3345 tationem,
344 3269 393 3345 ut,
414 3267 470 3356 qui
490 3269 568 3335 velit
587 3269 808 3334 demonstrare
824 3272 860 3336 et
872 3273 980 3338 rectae
995 3267 1277 3336 demonstrationis
1291 3277 1366 3346 cog-¹

144 3391 287 3434 noscere
315 3369 475 3436 rationem
500 3373 537 3435 et
561 3371 752 3449 essentiam,
787 3371 911 3438 alienus
937 3373 981 3438 sit
1000 3372 1041 3439 ab
1061 3372 1149 3440 omni
1168 3367 1306 3458 φιλαυτίᾳ
1326 3362 1352 3427 el

77 3541 78 3550 p
114 3559 118 3576 ,
153 3473 325 3557 pictatio.
368 3472 528 3560 Proponit
541 3472 641 3538 etiam
653 3494 812 3546 summum
824 3469 1109 3543 demonstrationis
1122 3465 1351 3554 finemosupto

158 3573 405 3660 ἐπιστημονικὴν,
422 3577 461 3657 set
474 3573 643 3663 paullatim
657 3575 700 3644 ab
713 3599 753 3644 ea
767 3577 1052 3656 demonstratione,
1073 3601 1138 3668 qua
1154 3576 1236 3645 tides
1257 3591 1295 3640 ex
1306 3585 1351 3632 aa·

157 3673 221 3742 cris
237 3673 407 3762 scripturis
422 3675 610 3766 acquiritur,
626 3677 669 3742 ad
684 3699 765 3757 eam,
781 3701 864 3768 quoe
879 3683 931 3748 est
941 3679 1113 3766 generalis,
1129 3679 1172 3746 ad
1181 3673 1351 3765 simplicem

157 3765 247 3848 nuda
261 3777 416 3844 materiae
430 3779 700 3848 demonstrandae
716 3781 828 3846 habita
841 3781 967 3850 notione
984 3782 1122 3861 transit,
1141 3785 1180 3851 ut
1197 3779 1306 3868 postea
1322 3789 1352 3836 0⁸

155 3879 355 3958 rectissima,
378 3882 521 3958 essentia
537 3883 606 3950 eius
628 3883 760 3970 cognita
779 3885 814 3950 et
832 3883 974 3963 ratione,
1002 3887 1117 3956 utatrrr
1137 3883 1180 3951 ad
1199 3878 1351 3950 verinum

157 3981 366 4060 christianam
395 3985 603 4071 probandam.
657 3986 728 4091 Iam
753 4007 836 4076 quae
854 3989 1051 4079 sequuntur,
1075 3985 1261 4062 meursius
1281 3992 1352 4048 nunt

78 4096 81 4108 ’
158 4105 197 4151 ea
211 4106 377 4173 exponam.
392 4123 436 4135 -·
1214 4117 1219 4130 ·

222 4186 272 4252 Ut
284 4185 389 4274 igitur
403 4189 525 4279 aliquid
535 4190 787 4269 demonstretur,
801 4190 942 4279 primum
956 4211 1078 4265 nomeu
1087 4189 1284 4281 propositum
1296 4184 1351 4248 lem

157 4290 307 4357 accurate
332 4289 607 4359 definiendum
634 4294 711 4370 ent,
739 4295 779 4359 ut
807 4294 912 4384 quivis
933 4294 1077 4361 eiusdem
1096 4292 1226 4381 linguae
1242 4285 1350 4384 perdidt

158 4391 286 4470 stotiin,
317 4414 395 4460 voce
423 4393 653 4483 pronunciata,
686 4393 764 4485 quid
789 4397 912 4484 cogitet
941 4396 1174 4484 pronuncians,
1188 4383 1350 4474 'mteldgct

155 4493 283 4562 Deinde
294 4504 403 4563 cutem
417 4496 651 4584 progrediendo
666 4499 895 4588 quaerendum,
910 4503 1020 4566 utrum
1034 4496 1224 4574 exsistat,
1244 4510 1298 4560 nec
1307 4503 1348 4556 ne,
1396 4531 1397 4554 ,

155 4595 193 4666 id
206 4599 292 4692 quod
305 4600 434 4669 nomine
454 4598 664 4689 significatur.
708 4600 794 4670 Tum
810 4623 902 4682 vero,
933 4601 961 4669 si
980 4620 1053 4668 esre
1070 4585 1104 4680 id
1124 4598 1253 4700 quidem
1266 4583 1349 4661 {uest
