2814 5052
609 334 672 400 223
787 279 792 288 Ι

57 517 219 584 retrudens
241 517 408 585 confirmet
423 519 633 596 vocationem,
655 518 758 586 virum
772 537 806 584 ae
820 516 977 605 praebens
992 517 1027 584 in
1040 539 1117 586 vera
1137 537 1175 583 ao
1193 538 1247 584 ra-

55 619 122 688 tioni
136 620 334 688 convenienti
354 619 544 688 fortitudine
560 615 768 710 probandum.
811 617 925 710 Neque
944 621 1016 688 laus
1036 643 1140 710 neque
1160 620 1248 686 vitu-

55 722 163 810 peratio
175 743 247 790 eum
258 726 377 801 movet,
390 723 446 790 sed
457 723 525 811 sola
536 745 614 810 erga
625 725 719 792 deum
732 722 869 790 caritate
884 723 924 790 ad
937 723 1098 808 agendum
1109 723 1249 788 ducitur,
1331 733 1336 752 ·

53 825 126 890 Sunt
139 826 220 892 enim
236 825 291 916 qui
305 825 475 916 patiuntur
489 827 544 892 alii
559 827 688 916 quidem
703 825 824 914 gloriae
839 825 1006 904 aviditate,
1022 824 1076 891 alii
1091 828 1130 892 ut
1143 825 1249 892 vitent

52 927 166 1012 uerius
180 927 310 1018 aliquod
326 929 527 1017 supplicium,
543 933 676 1018 propter
689 928 832 996 laetitias
845 927 1001 1016 quasdam
1016 931 1051 994 et
1063 927 1247 1016 voluptates

51 1033 260 1116 postmortem
276 1030 404 1098 futuras
424 1032 487 1101 alii.
530 1032 578 1098 Hi
600 1035 686 1099 certe
704 1031 795 1120 pueri
815 1030 894 1109 fide3
917 1029 1005 1096 beati
1022 1030 1167 1120 quidem,
1191 1031 1248 1098 sed

50 1133 173 1199 nondum
184 1134 245 1200 viri
257 1135 394 1205 caritate
409 1157 487 1220 erga
501 1135 608 1212 deum,
624 1133 900 1221 sieut'gnostieus.
926 1133 1013 1201 Sunt
1024 1133 1119 1210 enim,
1135 1155 1246 1223 quem-

50 1234 203 1302 admodum
224 1237 260 1304 in
282 1235 513 1304 certaminibus
528 1237 707 1325 gymnicis,
728 1237 776 1304 ita
791 1235 939 1302 etiamin
954 1236 1090 1304 ecelesia
1106 1235 1246 1302 virorum

49 1341 75 1404 et
86 1361 251 1428 puerorum
266 1359 413 1406 coronae.
458 1337 589 1432 Caritas
605 1343 715 1414 autem
729 1343 861 1428 propter
875 1361 918 1418 se,
934 1361 998 1406 non
1013 1341 1146 1429 propter
1160 1338 1247 1404 aliud

49 1441 219 1530 expetendo.
263 1441 330 1510 Sed
344 1441 494 1528 gnostico
512 1465 578 1510 una
592 1465 665 1512 oum
685 1441 870 1529 cognitione
889 1444 1028 1529 augetur
1045 1440 1246 1508 fortitudinis

49 1544 185 1630 perfectio
200 1565 241 1610 ex
253 1543 343 1610 vitae
357 1545 599 1625 exercitatione,
618 1549 659 1612 ut
672 1544 727 1634 qui
749 1566 875 1634 semper
889 1543 1063 1612 meditetur
1077 1543 1245 1610 victoriam

8 1709 9 1714 ,
49 1646 79 1712 de
95 1646 400 1736 perturbationibus.
445 1647 603 1715 Similiter
620 1648 798 1725 iustitiam,
818 1646 910 1713 euius
933 1669 1059 1712 summa
1078 1649 1144 1712 este
1167 1645 1247 1712 erit

49 1751 293 1828 vestrumite,
308 1749 384 1822 ita,
401 1771 492 1829 non,
508 1773 598 1830 non;
614 1752 697 1818 hane
711 1751 813 1839 igitur
827 1773 1021 1841 quoqueper
1032 1749 1244 1816 totamvitam

8 1913 9 1918 ,
49 1853 218 1938 possidebit.
261 1843 509 1941 Temperantiae
524 1859 633 1921 autem
647 1877 746 1921 causa
760 1876 825 1919 non
840 1857 917 1922 sunt
932 1875 1068 1922 coronae
1082 1856 1117 1918 et
1131 1852 1245 1939 gloria,

8 2001 9 2022 ι
48 1975 98 2020 non
110 1955 273 2045 pecuniae,
289 1977 354 2022 non
368 1956 510 2044 eorporis
527 1957 662 2037 sanitas,
677 1979 742 2024 non
756 1957 809 2022 lex
824 1959 858 2022 et
871 1959 989 2028 metue.
1033 1955 1098 2024 His
1113 1955 1154 2020 de
1169 1977 1245 2020 eau-

8 2121 9 2124 ,
50 2055 83 2121 ιιι
95 2057 190 2125 fortes
205 2057 375 2125 occasione
390 2058 482 2126 facile
498 2064 703 2150 superantur.
746 2059 822 2148 Ipse
837 2063 946 2128 autem
961 2059 1080 2148 ubique
1093 2058 1254 2124 invictuss

8 2223 9 2228 ,
50 2155 237 2250 Quapropter
266 2163 482 2250 temperantia
503 2164 634 2252 'semper
656 2183 789 2228 manens
807 2161 907 2228 efficit
931 2183 1005 2228 eum
1025 2161 1191 2228 dominum
1210 2160 1245 2224 et

48 2258 271 2352 imperatorem
296 2263 382 2328 sieut
395 2265 527 2330 adamas
543 2265 623 2344 erit,
650 2287 744 2355 quem
765 2287 806 2330 ne
823 2264 899 2350 igne
919 2263 1048 2356 quidem
1067 2264 1244 2354 liquescere

8 2429 9 2432 ,
48 2357 145 2432 ferunt.
189 2366 339 2449 Quorum
360 2367 502 2432 omnium
525 2389 625 2434 eausa
648 2370 700 2434 est
720 2367 927 2433 sanctissima
947 2367 1087 2435 etomni
1108 2363 1244 2434 seientia

8 2503 9 2506 =
46 2467 270 2536 naioroaritas.
315 2467 408 2550 Quae
424 2491 522 2558 quum
537 2471 585 2536 ita
600 2471 677 2549 sint,
693 2469 1017 2560 quumdiligateum,
1033 2469 1178 2559 quivere
1193 2468 1246 2534 est

46 2565 109 2635 deus
122 2595 215 2654 unus,
232 2575 269 2638 et
282 2571 332 2638 vir
345 2575 399 2639 est
412 2595 486 2640 vere
501 2572 675 2660 perfectus,
694 2577 729 2639 et
714 2571 795 2638 tdei
810 2573 942 2651 amicus,
963 2576 998 2638 et
1011 2572 1044 2640 in
1065 2571 1123 2636 filii
1136 2569 1244 2636 locum

45 2677 206 2760 cooptatus.
251 2675 364 2764 Atque
375 2697 482 2740 amma
496 2675 582 2753 eius,
601 2677 674 2744 tota
692 2676 808 2741 effecta
828 2675 923 2764 spirit
896 2675 999 2754 talis,
1029 2697 1129 2764 quum
1146 2672 1188 2740 ad
1210 2671 1257 2738 id.

45 2777 114 2859 quod
132 2782 189 2846 eat
196 2781 380 2864 ¹cognatum
401 2776 624 2864 processerit
614 2800 649 2843 ιιι
668 2777 803 2844 eeclesia
823 2777 977 2867 spiritali,
1007 2776 1145 2904 manet
1136 2797 1171 2842 ιιι
1191 2775 1242 2842 dei

44 2880 179 2968 requie¹)

94 2981 155 3050 Hic
167 2985 271 3072 igitur
282 2981 462 3070 gnosticas,
478 2980 710 3076 qualiscunque
724 2979 799 3045 est
790 3001 825 3048 ur
838 2959 967 3058 mundo,
984 2978 1128 3070 aequalis
1144 2980 1197 3045 est
1207 2979 1242 3044 et

45 3077 156 3163 similis3
179 3087 222 3152 ad
238 3107 349 3150 omnes
364 3085 462 3150 etiam
479 3083 627 3151 sehabet
641 3081 800 3148 similiter.
844 3082 928 3150 Nam
941 3083 1007 3180 legi
1026 3083 1153 3148 divinae
1164 3103 1240 3148 con-

43 3183 191 3254 venienter
204 3209 271 3254 non
285 3187 465 3276 despicit
483 3186 647 3252 fratrem
662 3185 772 3251 eodem
787 3187 881 3274 patre
892 3187 926 3252 et
937 3184 1048 3257 eadem
1063 3186 1167 3251 matre
1182 3206 1240 3248 na-

44 3281 113 3364 tum3
128 3285 263 3356 adiuvat
276 3311 386 3358 omnes
398 3287 682 3366 consolationibus,
695 3287 986 3370 adhortationibus,
1001 3287 1083 3354 dans
1094 3285 1242 3352 omnibus

43 3391 208 3476 egentibus,
229 3393 310 3459 licet
323 3415 386 3459 non
401 3390 597 3482 aequaliter,
606 3391 662 3457 sed
676 3391 763 3458 iuste
777 3395 812 3458 et
825 3413 883 3481 pro
900 3389 1042 3468 meritis;
1064 3388 1242 3480 quinetiam

43 3487 78 3566 05,
104 3494 161 3581 qui
174 3496 284 3584 ipsum
305 3495 378 3562 odio
397 3495 496 3560 habet
515 3495 550 3559 et
563 3493 783 3584 persequitur,
814 3494 961 3585 quamvis
986 3493 1067 3574 sint,
1099 3493 1154 3583 qui
1166 3513 1238 3559 eum

42 3597 158 3682 propter
170 3602 293 3665 metum
308 3599 437 3664 dedisse
450 3596 570 3662 dicant
603 3594 742 3663 Cuinam
752 3597 901 3676 maxime,
911 3599 1085 3688 quantum,
1102 3595 1240 3684 quando,

42 3699 185 3779 quomodo
193 3697 390 3778 srtdeturus
402 3697 565 3788 idpaullat
566 3699 854 3818 imaeietperfecte.
867 3698 1152 3782 Quemadmodum
1161 3719 1240 3784 ergo

42 3792 123 3865 deum
133 3802 212 3868 nulh
224 3802 387 3869 adversari
398 3823 510 3891 neque
507 3824 677 3868 1n1m1oum
688 3826 760 3870 esse
772 3802 1095 3892 cuiquamdicimus,
1086 3800 1239 3868 raetiam

42 3902 221 3978 gnosticum
250 3905 317 3972 Sed
323 3903 376 3970 ι11θ
387 3925 445 3994 pro
460 3905 583 3972 meritis
600 3905 739 3972 scienter
750 3927 788 3972 ac
798 3889 1199 3990 libenterlargiendihabit
1199 3923 1238 3970 ua

40 4017 150 4071 summa
163 4011 218 4074 eat
229 4007 335 4074 instit
325 4031 365 4076 ιιι.
394 4007 530 4074 Estt
473 4031 515 4074 au
515 4011 582 4073 tem
597 4007 797 4100 continentia
810 4009 968 4097 quaedam
982 4009 1115 4096 propter
1125 4027 1237 4074 neees-

39 4100 157 4174 sitatem
171 4111 222 4176 vel
236 4114 368 4201 propter
382 4113 515 4188 metum,
530 4113 564 4176 et
578 4109 658 4176 haec
671 4109 850 4200 quidemt
816 4133 834 4176 e
850 4111 914 4176 iam
929 4109 1050 4187 infide,
1065 4131 1148 4200 qnae
1163 4107 1238 4198 qui·
1265 4108 1268 4118 '

38 4200 101 4272 <lem
114 4213 305 4299 cognitionis
320 4212 642 4291 estfundamentum,
662 4214 753 4280 etad
768 4213 945 4304 perfectum
965 4235 1059 4304 quasi
1048 4210 1238 4301 impulsus

39 4307 165 4407 quidam.
208 4315 375 4382 Initium
390 4316 476 4382 enim
498 4317 723 4406 sapientiae
745 4321 808 4383 est
829 4317 946 4383 timor
967 4315 1138 4384 Domini.
1170 4311 1236 4393 Qui

38 4411 135 4480 anam
149 4418 284 4488 caritate
297 4419 421 4512 perfect
421 4441 460 4488 us
475 4422 537 4500 est,
552 4418 605 4488 hic
624 4420 751 4487 omnia
772 4419 937 4501 suffert,
960 4418 1088 4488 omnia
1111 4415 1238 4486 susti-

84 4630 307 4704 unauna
387 4637 391 4648 ’
