2972 5048
784 331 825 396 dl

198 542 263 596 non
285 518 447 588 videntur.
492 514 559 583 Sed
574 514 834 605 pulcherrimi'et
852 513 1031 594 dulcissimi
1054 517 1171 584 cantus
1195 509 1307 580 laudes
1334 513 1415 578 sunt

178 621 282 700 ,illae
298 621 416 708 quibus
431 619 501 698 deo,
515 616 707 713 priusquam
721 621 802 708 potu
816 618 868 686 vel
880 617 953 685 cibo
973 617 1107 700 utimur,
1126 615 1251 705 gratias
1271 611 1414 700 agimus.

199 721 352 790 Christus
373 722 471 800 enim,
496 721 537 786 ed
562 721 655 788 ouius
681 722 817 789 formam
841 721 998 810 optimam
1023 720 1257 788 conformemus
1282 718 1416 805 oportet

196 828 302 892 totam
317 823 418 890 vitum
433 827 588 902 nostram,
603 823 638 890 in
652 823 806 891 conviviis
821 842 949 910 quoque
964 823 1147 909 συμποτικὸς
1168 840 1241 886 esse
1259 817 1362 884 debet
1373 819 1415 901 ¹).

199 927 323 1018 Neque,
346 926 423 1016 quid
443 927 483 992 de
498 926 567 993 risu
587 927 745 1005 videatur,
769 927 880 994 audire
903 925 1059 1012 negliges.
1102 922 1192 990 Neve
1219 918 1333 1007 igitur,
1360 919 1415 1008 qui

89 1101 93 1108 ,
199 1029 335 1098 ridicula
362 1029 442 1116 agit,
467 1029 553 1096 hunc
573 1051 719 1120 sequare,
744 1051 825 1098 neve
844 1028 916 1116 ipse
938 1025 1108 1094 ridiculum
1134 1027 1170 1098 te
1191 1045 1264 1090 esse
1288 1020 1414 1110 cupias.

199 1131 283 1198 Nam
311 1130 339 1198 si
363 1130 459 1198 homo
485 1135 639 1198 externus
664 1132 766 1198 risum
791 1133 916 1208 movet,
940 1129 1051 1198 nescio
1075 1151 1118 1198 an
1142 1127 1241 1194 etiam
1264 1124 1414 1192 internus

200 1233 319 1322 dignus
336 1233 390 1322 sit,
407 1233 462 1322 qui
476 1232 658 1300 irrideatur.
702 1233 836 1306 Urbane
855 1231 966 1322 potius
986 1235 1021 1300 et
1042 1231 1238 1322 loquendum
1257 1231 1293 1296 et
1312 1249 1414 1316 ogen-

178 1370 183 1376 ·
198 1338 287 1404 dum:
324 1333 413 1418 Quin
430 1335 528 1402 etiam
543 1335 721 1402 cavendum
736 1339 799 1415 est,
814 1357 855 1404 ne
868 1335 968 1402 miros
983 1333 1060 1402 οᾱιιι
1074 1334 1173 1410 risun
1187 1354 1269 1402 neve
1283 1329 1414 1400 cachin-

199 1461 270 1518 nos,
296 1436 473 1528 utuvultus
498 1437 678 1527 torquendo
704 1437 910 1506 deformetur.
955 1435 1122 1526 Quidquid
1146 1435 1230 1523 agis,
1256 1432 1414 1524 quidquid

198 1539 351 1632 loqueris,
367 1539 401 1604 id
415 1541 562 1606 decorem
576 1562 654 1628 prae
676 1563 711 1608 se
730 1540 814 1608 ierat
833 1544 868 1608 et
886 1541 1102 1612 honestatem.
1144 1537 1213 1604 Neo
1232 1557 1309 1604 vero
1330 1533 1413 1611 volo,

199 1650 233 1710 te
248 1655 320 1710 esse
335 1663 510 1720 morosum,
527 1639 584 1708 std
599 1643 806 1710 severitatem
820 1643 919 1732 diligo
930 1666 995 1711 non
1006 1642 1075 1710 sine
1086 1637 1271 1714 clementia3
1287 1639 1413 1732 tempe-

158 1788 163 1800 1
202 1744 343 1812 rentiam
359 1765 468 1810 serves
482 1745 517 1810 in
532 1744 691 1825 omnibus,
706 1768 746 1812 ne
761 1767 827 1812 una
840 1743 972 1814 licentia
987 1745 1103 1833 gignat
1116 1743 1252 1812 alteram
1262 1742 1307 1828 2).

263 1847 380 1935 Itaque
396 1843 437 1911 ab
452 1845 539 1912 omni
554 1869 681 1936 quoque
701 1846 871 1916 verborum
891 1847 1094 1938 turpitudine
1114 1844 1288 1934 diligenter
1309 1839 1413 1908 absti-

199 1949 339 2016 nendum
359 1950 421 2014 est.
464 1946 568 2037 quue
587 1947 709 2028 videas,
730 1971 794 2016 non
810 1949 914 2018 solum
928 1971 948 2016 a
962 1953 996 2017 te
1011 1972 1051 2017 ne
1066 1949 1144 2039 quid
1162 1951 1259 2035 turpe
1275 1943 1413 2022 dicatur,

202 2073 314 2120 verum
330 2041 380 2116 riex
386 2049 426 2116 ab
442 2049 488 2115 eis
505 2049 644 2138 quidem,
660 2050 851 2142 quibuscum
866 2053 1022 2131 versaris3
1046 2051 1096 2118 sin
1104 2039 1280 2140 probibere
1292 2046 1414 2114 frustm

201 2152 376 2244 studueris,
396 2173 436 2218 nc
458 2153 530 2242 quis
551 2153 634 2220 alius
660 2154 801 2243 turpiter
819 2154 982 2246 loquatur,
1007 2153 1082 2222 huic
1102 2175 1143 2220 ne
1162 2150 1289 2219 dederis
1310 2172 1413 2218 aures.

199 2257 265 2326 Sed
282 2256 380 2322 etiam
395 2275 515 2332 eorum,
531 2277 613 2344 quae
628 2255 790 2324 denudare
804 2281 869 2324 ιιοιι
879 2259 982 2336 decet,
998 2257 1189 2346 adspectum
1201 2253 1336 2334 vitabis,
1352 2275 1412 2319 nou

201 2359 288 2450 quod
303 2359 369 2425 ieta
383 2380 441 2447 per
456 2379 491 2424 se
506 2361 617 2424 essent
630 2359 749 2449 turpia,
766 2359 824 2427 sed
836 2363 969 2449 propter
980 2359 1151 2438 malitiam,
1172 2379 1255 2448 quae
1268 2357 1303 2426 in
1325 2355 1410 2444 tupi

77 2479 79 2487 ’
201 2462 344 2554 cernitur
358 2460 537 2551 actione⁵).

200 2563 415 2652 Inprimis
430 2565 540 2630 autem
554 2585 610 2652 qur
599 2561 733 2651 plures
748 2565 912 2632 convivari
901 2563 1082 2643 assolent,
1103 2561 1274 2648 vorborum
1290 2581 1411 2630 sermo-

200 2688 340 2784 numque
354 2666 511 2732 rationem
530 2664 673 2732 habeant
691 2669 726 2733 et
746 2663 916 2744 delectum,
938 2689 979 2732 ne
994 2653 1072 2756 quid
1087 2666 1130 2733 ad
1150 2638 1355 2742 laedendum,
1359 2684 1411 2728 sne

201 2767 325 2861 quid
293 2768 401 2852 nimis,
416 2791 457 2834 ne
471 2767 549 2857 quid
563 2767 749 2848 insolenter,
764 2793 805 2836 ne
819 2769 897 2859 quid
912 2769 1104 2848 effeminate,
1124 2789 1166 2836 ne
1180 2767 1260 2858 quid
1273 2766 1463 2856 turpiter

200 2871 384 2962 loquantur.
428 2869 672 2949 Adulescentes,
689 2893 716 2937 ιι
706 2870 880 2954 'adsint'
870 2895 905 2939 ιι
922 2871 1070 2938 omnibus
1089 2870 1255 2940 modestos
1270 2891 1305 2938 se
1320 2887 1463 2962 prae

199 2974 313 3051 beant3
336 2975 481 3051 taceant,
497 2972 647 3051 audiant3
679 2972 730 3040 bis
756 2975 958 3094 interrugati
974 2973 1030 3042 vix
1053 2973 1281 3064 respondeant
1339 2969 1411 3039 vir-

201 3077 294 3164 gines
309 3097 440 3143 verone
455 3075 652 3142 intersint'
622 3097 762 3144 virorum
779 3077 944 3156 conmviis,
959 3076 1154 3166 praesertim
1167 3073 1410 3144 vinolentorum.

200 3181 247 3246 Et
260 3201 343 3270 quae
357 3181 436 3244 sunt
449 3177 616 3266 nuptae
585 3177 675 3257 viris,
692 3201 720 3246 ιι
710 3179 848 3248 adesse
862 3183 1031 3268 cogantur,
1046 3182 1083 3248 et
1095 3182 1229 3247 externo
1244 3177 1368 3246 amictu
1382 3177 1412 3242 et

200 3283 329 3348 interno
343 3279 465 3368 pudore
480 3281 677 3348 verecundae
696 3286 931 3370 agnoscantur
972 3283 1040 3350 Sed
1060 3281 1269 3351 convivantes
1291 3295 1411 3355 omues,
1460 3331 1463 3356 ,

25 3363 63 3400 ³⁸
201 3380 359 3474 quidquid
376 3381 569 3470 loquuntur,
591 3382 747 3473 quidquid
767 3390 887 3473 agunt,
915 3387 950 3452 et
969 3387 1140 3454 caritatem
1160 3383 1360 3460 custodiant,
1382 3383 1463 3458 et

200 3489 347 3554 decorem
366 3487 400 3550 et
420 3483 625 3552 honestatem
652 3490 788 3554 omnem.
831 3487 927 3563 Nam
943 3486 1122 3556 Christiani
1146 3485 1278 3578 propria
1303 3483 1390 3554 est
1381 3503 1410 3550 ru

200 3589 348 3685 omnibus
361 3585 463 3673 quies,
474 3587 704 3678 tranquillitas,
720 3591 888 3670 serenitas,
903 3593 1018 3681 paxt).

263 3691 377 3782 Neque
396 3711 472 3772 aero
495 3711 684 3758 coronarum
708 3697 1028 3785 unguentorumque
1032 3715 1112 3762 usus
1132 3693 1336 3760 necessarius
1356 3691 1463 3780 est

129 3799 152 3875 J
202 3797 299 3882 Quod
324 3797 434 3862 autem
459 3793 573 3862 mulier
597 3795 693 3862 unxit
716 3797 815 3902 pedes
840 3797 974 3865 Domini
1000 3794 1226 3876 assentientis,
1251 3796 1305 3866 vel
1330 3790 1409 3886 quod

200 3897 328 3992 antiqui
341 3895 565 3964 Hebraeorum
578 3919 673 3986 reges
686 3889 871 3968 diademato
882 3923 961 3969 auro
972 3903 1087 3969 ornata
1100 3901 1135 3966 et
1148 3897 1257 3988 lapide
1264 3899 1408 3988 pretioso
1462 3915 1463 3920 ¹

201 4000 391 4090 gestabant:
423 3999 582 4066 eiusmodi
611 4000 699 4070 faeta
735 4003 906 4093 allegorice
943 4008 1022 4072 suut
1057 4001 1320 4092 interpretanda,
1351 4019 1407 4068 non
1462 3997 1463 4032 ³

200 4105 403 4277 uteunquuiem
393 4105 462 4183 ‚ut
475 4101 564 4171 lacta
576 4109 747 4194 negentur
763 4109 820 4177 sed
839 4111 888 4189 ut,
908 4129 966 4178 cur
979 4105 1145 4246 probanda
1159 4102 1370 4184 videanturs
1361 4123 1405 4168 rn-

262 4227 314 4294 ga
331 4229 371 4274 ur
501 4263 505 4269 .
875 4237 881 4250 ·

204 4319 404 4331 ...η-..ι--υ-

257 4360 327 4430 ¹.)p
343 4361 423 4414 ιιι-
428 4361 485 4418 rae.

256 4449 282 4514 ²)
300 4462 325 4512 p.
341 4444 487 4503 195-197.

256 4533 282 4598 ³)
299 4547 324 4599 p·
341 4531 486 4588 lte-200.
609 4573 611 4577 ψ

257 4617 284 4685 ²)
302 4633 327 4684 p.
338 4615 487 4674 noo-204.
