2830 5052
709 319 772 386 136
816 381 819 389 .

638 408 840 424 *ι--ι

128 512 250 594 dicant,
264 512 325 579 hac
338 509 511 580 nobilitate
524 507 678 591 simulata
691 507 906 596 libertateque
917 505 1091 574 abutentes
1106 505 1223 576 vivunt
1235 506 1275 572 ut
1289 527 1348 572 vo·

128 619 216 706 lente
239 615 354 684 bolunt
366 615 478 680 antem
490 611 670 690 libidinose,
685 613 842 695 tanquam
861 608 983 676 domini
1006 608 1151 688 sabbati,
1177 609 1236 676 filii
1255 607 1349 694 regii.

104 701 108 708 .
129 723 242 810 Atque
256 718 342 804 regi,
367 716 535 801 inquiunt,
559 713 612 780 lex
635 711 758 806 scripta
778 716 831 778 est
850 711 949 778 nulla.
992 711 1043 778 At
1062 735 1139 780 vero
1158 711 1265 800 primo
1285 733 1351 776 non

129 825 270 914 possunt
283 819 401 895 omnia,
415 839 499 903 quae
514 815 683 899 voluerint,
701 815 823 892 facere,
842 813 953 880 multis
974 814 1073 882 rebus
1091 813 1352 903 prohibentibus,

132 924 280 1016 quemvis
296 925 461 988 conentur.
499 918 632 987 =Deinde
646 917 792 994 minime,
812 919 852 982 ut
865 937 976 1002 reges,
1006 919 1126 1001 egunt,
1151 917 1209 985 sed
1234 915 1353 985 masti-

131 1029 258 1116 giarum
272 1025 377 1090 modo.
419 1021 532 1108 Neque
546 1021 631 1091 enim
650 1017 901 1106 intemperentia
913 1039 968 1088 res
987 1023 1040 1088 est
1058 1019 1180 1106 liberae
1202 1018 1354 1104 „omnis²

131 1131 189 1218 qui
208 1130 338 1218 peccat,
358 1145 471 1192 servus
492 1125 577 1190 eet.“
619 1122 674 1188 Hi.
687 1126 793 1197 certe,
821 1119 893 1208 qui,
913 1123 1257 1208 quaecunque'gentes
1279 1120 1356 1186 odio

131 1233 263 1310 babent,
278 1249 361 1316 quae
381 1226 513 1292 humani
526 1223 730 1312 legislatores
750 1243 852 1310 aeque
862 1245 902 1290 ac
916 1222 1025 1293 diviua
1040 1222 1113 1290 Lex
1126 1225 1254 1302 vetent,
1279 1245 1356 1311 per-

133 1335 276 1424 petrent,
297 1329 383 1396 haud
399 1329 458 1396 eoli
473 1328 568 1394 deum
584 1325 747 1402 noverint3
769 1324 835 1392 imo
848 1325 1031 1394 hominibus
1046 1325 1141 1394 huius
1153 1325 1265 1397 mundi
1279 1348 1357 1412 pesa.

135 1437 227 1504 simis
241 1433 387 1522 evadunt
400 1430 532 1503 similes.
576 1427 707 1496 Similes
727 1428 814 1496 enim
832 1429 945 1506 lactis,
965 1432 1083 1496 natura
1103 1428 1202 1502 etiam
1221 1429 1358 1495 similes.

134 1539 185 1606 At
222 1557 313 1604 vero:
365 1533 461 1616 „nisi
504 1531 718 1597 abundaverit
757 1530 887 1610 iustitia
925 1535 1052 1610 vestra,
1095 1532 1144 1602 ait
1179 1533 1358 1618 Dominus,

134 1640 309 1730 plusquam
334 1635 521 1705 Scribarum
545 1636 582 1699 et
598 1632 863 1710 Pharisaeorum,
892 1654 958 1700 non
981 1633 1146 1704 intrabitis
1165 1635 1200 1702 in
1218 1657 1358 1721 reguum

134 1743 220 1810 dei.“
265 1738 332 1807 Sed
347 1741 441 1814 sunt,
471 1736 527 1823 qui
545 1735 743 1822 superiorem
761 1735 921 1802 homiuem
941 1759 1046 1826 neque
1065 1737 1108 1804 ad
1131 1735 1323 1806 umbilicum
1341 1759 1359 1804 a

135 1843 291 1915 diviniore
302 1842 468 1928 potestate
478 1839 651 1905 formatum
663 1859 735 1904 esse
747 1839 867 1918 dicant,
878 1838 1060 1906 inferiorem
1071 1839 1358 1918 eutemamiuore,

11 2001 16 2004 .
136 1945 271 2015 Christo
290 1943 418 2030 quidem
426 1944 441 2020 ,l
462 1940 622 2007 hominem
649 1944 684 2008 et
704 1941 867 2008 internum
887 1945 923 2008 et
941 1945 1088 2012 exterum
1107 1943 1150 2011 ab
1169 1943 1283 2012 eedem
1298 1943 1358 2008 deo

136 2071 211 2118 esse
234 2046 357 2112 iactum
385 2043 566 2112 affirmanti
594 2043 815 2111 adversantes.
868 2042 979 2113 Deum
1004 2067 1099 2134 porro
1122 2045 1268 2114 omnium
1295 2047 1359 2112 Pa·

135 2156 220 2220 trem
234 2150 355 2228 bouum
370 2168 443 2214 esee
455 2145 668 2214 concedentes
685 2146 750 2223 alii,
766 2146 904 2215 alterum
924 2150 1092 2236 potentem
1114 2147 1242 2217 abacia
1261 2168 1357 2236 epar·

137 2257 269 2343 gentem
280 2251 406 2318 faciunt
419 2271 556 2335 eumque
571 2247 683 2314 mundi
698 2249 844 2336 opificem
859 2271 932 2317 esse
952 2252 987 2316 et
1008 2250 1049 2316 V.
1064 2251 1104 2316 Τ.
1126 2249 1357 2337 legislatorem.

137 2356 226 2423 Huic
239 2368 319 2440 'ergo
334 2353 376 2418 ad
391 2351 523 2418 Patrem
537 2349 758 2418 ulciscendum
772 2351 980 2418 adversemur
993 2355 1152 2440 opor-tere,
1181 2352 1237 2438 qui
1257 2373 1358 2437 quum

138 2458 243 2523 dieat:
267 2477 355 2534 „non
370 2451 627 2529 moechaberisl“
650 2453 891 2540 moechandum.
936 2453 989 2518 Ex
1007 2453 1161 2544 operibus
1180 2453 1359 2541 biduoque

138 2559 390 2646 cognoscuntur.
436 2551 642 2640 Quemquam
657 2555 756 2622 etiem
771 2555 833 2622 sibi
848 2555 912 2643 ipsi
926 2577 991 2624 non
1005 2559 1166 2624 constent.
1201 2553 1358 2624 Ceterum

139 2661 196 2748 qui
210 2660 253 2730 V.
268 2659 308 2724 Τ.
323 2656 502 2745 legislatori
517 2659 742 2738 adversentur,
758 2655 892 2724 Christo
903 2679 1041 2743 quoque,
1054 2657 1141 2724 huuc
1151 2662 1358 2746 agnoscenti,

140 2764 354 2834 adversentur
367 2781 500 2826 necesse
512 2763 576 2838 eet,
587 2765 799 2848 avertantque
809 2783 875 2826 non
885 2763 953 2829 tam
965 2761 1050 2828 bona
1060 2761 1244 2850 praecepta,
1260 2787 1357 2850 quam

140 2865 343 2952 semetipsos.
387 2863 454 2930 Sed
479 2863 605 2930 utinam
628 2868 739 2932 essent
762 2847 828 2952 'sibi
847 2865 1050 2936 constantesl
1086 2864 1170 2932 Nam
1188 2865 1359 2953 legislator

1 3032 2 3035 ,
139 2967 306 3036 illedixit:
329 2966 438 3044 „Dedi
453 2966 545 3034 vobis
554 2968 670 3034 omnia
681 2967 725 3034 ad
738 2967 932 3036 vescendum
948 2971 982 3034 et
996 2963 1210 3046 fruendum‘;“·
1222 2992 1266 3036 ue
1280 2993 1357 3058 ergo

139 3071 254 3138 ullare
265 3070 425 3136 fruentur.
448 3069 488 3138 Id
500 3071 724 3156 genus-antem
735 3069 1013 3158 plurimaridicula
1020 3073 1160 3160 possunt
1170 3071 1204 3136 in
1215 3075 1357 3148 medium

140 3173 285 3262 proferri.
311 3171 440 3238 Deinde
455 3173 484 3239 si
498 3173 532 3238 id
547 3169 634 3258 quod
649 3171 757 3260 opifex
772 3173 827 3238 ille
835 3171 985 3248 voluerit,
1000 3193 1059 3236 nec
1068 3193 1144 3246 vero
1156 3177 1242 3259 quod
1253 3177 1357 3248 bonus

26 3345 29 3354 ,
140 3274 327 3364 patentiori
342 3274 440 3340 solet:
457 3273 509 3340 hic
521 3278 609 3342 certe
622 3273 802 3342 imbecillus
817 3274 889 3342 erit.
924 3274 977 3340 Ex
992 3275 1093 3342 sacris
1109 3277 1238 3360 quidem
1254 3285 1357 3372 scrip.

141 3377 226 3442 turis
237 3375 358 3464 placita
369 3398 429 3442 sua
438 3377 575 3464 probare
586 3379 754 3455 conentur,
770 3377 818 3442 ite
828 3397 918 3454 eane,
932 3379 971 3442 ut
985 3398 1049 3444 nou
1061 3377 1164 3444 solum
1174 3379 1357 3469 allegorice,

142 3501 255 3546 verum
270 3477 368 3542 etiam
379 3479 623 3566 interponendo,
636 3478 792 3564 quidquid
806 3479 853 3544 eis
868 3477 1036 3566 placuerit,
1051 3485 1226 3568 exponant.
1259 3483 1359 3554 Velut

142 3603 242 3668 quum
260 3577 403 3646 Hebraei
429 3575 548 3646 morosi
573 3583 765 3666 querantur:
801 3579 897 3658 „Deo
918 3581 1110 3649 restiterunt
1137 3583 1219 3670 (scil.
1239 3609 1259 3654 e
1278 3613 1357 3678 gen.

141 3683 257 3766 tibue),
271 3685 306 3748 et
322 3681 402 3748 salvi
416 3680 495 3748 lecti
511 3687 612 3749 sunt“
627 3705 706 3750 voce
720 3681 957 3769 impudenti,
979 3704 1062 3772 quae
1076 3705 1114 3750 eo
1128 3683 1199 3754 loco
1214 3709 1282 3758 non
1302 3717 1356 3760 ex.

143 3788 223 3864 etat,
238 3785 349 3852 addita
359 3785 429 3864 deo,
444 3785 505 3852 hoc
519 3784 642 3852 dictum
657 3807 717 3874 pro
730 3807 845 3852 norma
858 3785 973 3854 salutis
987 3786 1156 3871 habent1).

208 3889 274 3956 Sed
291 3886 437 3973 singulas
463 3887 613 3970 haereses
633 3909 818 3976 percurrere
838 3892 875 3956 et
891 3889 1023 3976 longum
1044 3893 1097 3957 eet
1117 3893 1152 3958 et
1172 3913 1271 3982 saepe
1290 3897 1357 3964 fieri

96 4063 101 4070 ,
146 3993 215 4060 sine
230 3991 353 4080 pudore
367 3991 491 4080 nequit.
534 3990 651 4080 Itaque
671 3991 705 4056 in
731 3991 812 4058 duas
833 3994 944 4080 partes
969 3991 1152 4062 dividamus
1172 4015 1302 4078 omnes,
1323 4003 1358 4066 ut

143 4094 295 4182 deinceps
310 4092 400 4160 brevi
414 4094 677 4182 respondeamus.
721 4093 793 4160 Aut
808 4095 893 4162 ‘enim
906 4094 974 4160 sine
989 4093 1171 4162 differentia
1186 4097 1356 4170 vivendum

143 4219 217 4264 esee
232 4195 361 4274 docent,
375 4198 434 4264 aut
445 4199 579 4285 propter
593 4197 793 4286 impietatem
809 4195 970 4282 quandam
981 4195 1154 4282 odiumque
1164 4201 1357 4287 profitentur

79 4353 83 4364 .
144 4299 377 4367 continentiam
406 4301 536 4386 praeter
563 4299 704 4366 modumss
752 4299 919 4366 Prioribus
949 4297 1052 4382 igitur
1074 4298 1153 4366 haec
1178 4301 1355 4372 obiicimus

144 4403 183 4471 Si
197 4403 283 4490 quod
297 4400 378 4468 libet
391 4401 479 4468 vitae
492 4423 595 4490 genus
610 4401 692 4470 licet
700 4401 834 4490 eligere,
855 4402 889 4468 id
903 4401 1049 4491 profecto
1064 4403 1178 4483 etiam,
1200 4408 1288 4495 quod
1306 4412 1354 4480 est

144 4542 346 4555 ————-

199 4608 224 4674 1)
242 4624 266 4678 p.
277 4607 426 4664 seo-use.
