2972 5048
753 293 796 368 84

115 509 119 520 ·
150 449 274 572 ‘munio
293 485 460 570 amborum
481 485 655 552 amicorum
673 487 796 567 omniu,
819 486 871 556 dei
890 487 926 552 et
945 483 1093 583 hominis,
1138 481 1371 578 Opportunitas

55 601 58 607 '
163 589 266 676 igitur
286 589 397 668 nobis,
421 587 524 656 solnm
551 589 641 677 pium
665 589 876 656 christianum
901 588 1028 656 dioendi
1052 588 1201 670 divitem,
1225 589 1371 667 sobrium,

164 713 372 779 generosum
394 691 530 776 ideoque
550 689 724 779 imaginem
739 691 791 758 dei
806 691 1038 758 conformatam
1053 692 1095 758 ud
1108 691 1211 780 ipsius
1228 691 1372 759 similitu-

163 793 271 859 dinem
286 815 359 859 eum
375 793 558 880 appellandi
569 797 667 884 atque
682 795 847 871 credendi,
864 798 902 861 ut
918 795 973 884 qui
987 795 1113 872 iustus,
1136 785 1373 882 sunctum-prn-

164 894 255 972 dens,
269 893 402 961 Christo
412 895 495 962 «Iesu
511 895 602 974 duee,
617 895 724 962 faetus
746 894 792 962 sit
811 899 845 962 et
869 895 1002 984 proinde
1022 894 1075 962 dei
1101 895 1226 963 similis.
1269 891 1375 980 Neque

96 1023 98 1030 ’
163 1018 241 1083 ergo
257 997 396 1083 gratiam
411 995 528 1064 celavit
541 996 709 1085 propheta,
731 999 808 1063 dum
823 995 923 1083 Ego,
937 997 1055 1087 inquit,
1082 996 1181 1075 dixi,
1203 995 1305 1085 quod
1325 993 1375 1060 dii

165 1099 265 1165 estis
286 1098 642 1166 etiiliiAltissimi
664 1121 808 1167 omnes.
834 1099 902 1166 Nos
917 1101 1013 1179 enim,
1027 1121 1088 1166 nos
1102 1100 1274 1190 adoptauit
1286 1098 1375 1174 filios,

165 1203 200 1267 et
214 1203 362 1266 nostrum
378 1201 576 1269 solummodo
591 1202 664 1268 vult
679 1225 713 1270 se
727 1205 854 1291 putrem
869 1199 990 1280 haberi,
1011 1225 1071 1270 neo
1084 1223 1161 1270 voro
1174 1221 1300 1282 eornm,
1326 1197 1376 1288 qui

166 1323 231 1370 non
244 1301 409 1370 obediunt.
447 1302 541 1386 Quae
555 1327 654 1393 quum
666 1306 714 1372 itu
729 1303 807 1382 sint,
822 1323 875 1372 res
890 1307 1032 1385 nostroe,
1048 1303 1227 1398 utChristi
1237 1299 1376 1372 assueto·

37 1431 38 1436 ¹
107 1385 115 1403 ’
166 1410 289 1485 torum,
323 1407 371 1472 itu
392 1403 625 1496 quodammodo
651 1427 687 1474 so
711 1403 1034 1490 hubontrQusliu
1059 1405 1251 1487 eonsiiiej
1282 1403 1377 1472 talos

166 1509 287 1574 etiam
308 1529 507 1574 sermones
533 1509 680 1588 nostri3
704 1496 842 1596 qualos
864 1511 993 1576 sutem
1027 1527 1246 1589 sermones,
1279 1503 1377 1573 tales

110 1629 116 1656 Ι
166 1610 503 1690 otiemeotiones3
532 1609 747 1700 qualisque
774 1627 906 1698 opere,
941 1597 1038 1678 telis
1068 1613 1162 1679 vite.
1201 1612 1304 1678 'Bono
1331 1607 1379 1674 est

166 1715 238 1779 tota
252 1709 418 1779 hominum
433 1714 511 1792 vitu,
527 1712 582 1800 qui
600 1709 769 1779 Christum
784 1716 1014 1799 cognoverunt
1046 1713 1111 1783 Sed
1123 1713 1216 1793 sotis,
1235 1711 1377 1786 arbitror,

166 1815 337 1882 verborum
352 1818 421 1894 est3
437 1815 591 1902 quinimo,
608 1814 637 1881 si
647 1815 776 1902 longius
791 1815 876 1880 forte
890 1817 1045 1903 processi,
1056 1817 1092 1882 id
1102 1811 1268 1884 hominum
1279 1825 1377 1890 umore

128 1907 133 1916 ’
166 1917 364 1996 factumest,
379 1941 489 2007 quum,
505 1918 590 2008 quod
605 1940 625 1982 u
638 1915 699 1982 deo
713 1915 882 1996 habebam,
898 1919 940 1984 ad
955 1940 1115 1986 summum
1125 1919 1269 1986 omnium
1284 1915 1377 1982 bono·

113 2009 117 2022 ’
166 2043 249 2099 rum,
266 2021 308 2086 ad
324 2021 461 2086 sulutem
469 2021 631 2097 hortatus,
647 2019 853 2086 effunderem.
884 2019 1055 2088 Sermones
1066 2021 1150 2086 enim
1162 2022 1251 2087 vitus
1262 2017 1377 2086 nullum

167 2123 336 2190 habiturae
350 2123 447 2190 finem
461 2125 654 2212 interpretes
670 2121 734 2210 ipsi
749 2143 876 2211 quoque
890 2123 1005 2190 volunt
1017 2121 1112 2189 finiri.
1157 2123 1262 2191 Vobis
1277 2122 1378 2212 autom

167 2224 232 2290 iam
247 2227 406 2316 reliquum
420 2230 482 2306 est,
498 2227 546 2305 ut,
563 2225 649 2314 quod
663 2221 762 2290 tuerit
775 2224 901 2308 utilius,
918 2219 1059 2313 eligatis,
1075 2227 1134 2291 eut
1147 2225 1313 2300 iudicium,
1327 2217 1378 2286 out

167 2329 317 2414 gratiam.
342 2327 439 2410 Quod
450 2327 492 2394 ud
504 2349 565 2406 mo,
577 2325 725 2417 equidem
736 2325 899 2413 nihilssse
909 2327 1123 2394 dubitandum
1135 2349 1261 2406 censeo,
1277 2327 1378 2392 omum

168 2449 277 2494 eorum
300 2429 344 2496 sit
362 2429 504 2507 meliuso
530 2427 596 2498 imo
614 2453 654 2498 ne
673 2429 724 2496 fus
745 2429 873 2520 quidem
894 2433 961 2512 est,
991 2427 1169 2518 eomparuri
1190 2430 1292 2523 uitam
1313 2441 1378 2494 oum

171 2531 301 2599 exitio.“
323 2569 359 2582 -
