2820 5052
606 323 683 434 ,233
795 379 805 401 χ

50 529 136 578 rausa
149 510 214 588 est,
236 507 432 596 utbomines
453 529 518 579 non
536 511 626 578 recte
643 508 799 590 iudicent,
818 509 967 589 alterum,
989 511 1041 590 ut,
1064 510 1253 597 quaerente

49 611 287 690 sontindicata,
308 611 395 680 hand
408 612 537 700 possint
551 636 590 680 aa
607 613 750 702 exsequi.
793 612 868 678 Non
883 617 972 680 recte
991 613 1077 699 agit,
1095 613 1254 700 ⁴quamvis

48 716 162 801 potens,
179 714 318 800 quinon
331 718 420 782 recte
434 716 602 801 cognoscit
607 739 617 794 ;
632 715 711 782 item
727 737 791 782 non
806 715 877 801 agit
890 717 1151 802 rectn'quamvis
1166 717 1253 784 recte

47 821 221 902 cognoscat,
239 817 297 903 qni
310 841 380 888 non
390 821 444 886 est
457 821 583 908 potens.
625 809 829 908 ignorationi
842 816 945 902 igitur
967 839 993 884 s.
1009 817 1171 906 scriptura
1185 839 1253 882 me-

47 917 128 986 detur
152 919 344 1006 cognitione
370 923 405 987 et
424 922 566 988 evidenti
591 918 866 986 demonstratione
873 942 882 996 ;
910 917 1124 998 imbecillitati
1144 922 1252 986 autem

47 1019 143 1106 bogos
159 1023 326 1090 succurrit
336 1022 565 1092 exercitatione
580 1045 638 1110 per
650 1021 747 1088 fidem
760 1025 798 1092 et
809 1020 968 1088 timorem.
990 1021 1096 1108 Atqui
1107 1018 1255 1089 similiter

47 1123 173 1206 gnostici
186 1125 312 1214 duplex
322 1129 376 1191 est
385 1125 475 1192 finis:
490 1126 524 1190 in
536 1125 607 1190 aliis
620 1124 748 1214 quidem
761 1122 865 1188 sciens
877 1125 1118 1212 contemplatio,
1133 1125 1167 1190 in
1180 1124 1253 1216 aliis

46 1223 124 1292 solia
153 1225 303 1294 Discant
317 1229 420 1315 igitur
434 1226 588 1295 haeretici
598 1229 633 1294 et
647 1226 893 1302 convertantur3
910 1225 960 1290 sin
975 1226 1093 1304 minus,
1108 1227 1253 1316 paternis

46 1327 309 1414 castigationibus
329 1331 552 1398 tandemaute
577 1329 731 1398 iudicium
754 1327 986 1416 poenitentiam
1006 1329 1252 1418 amplectentur,

45 1453 76 1496 ne
87 1433 216 1522 seipsos
223 1432 379 1500 iniioiant
399 1433 434 1499 in
455 1433 609 1500 iudicium
629 1431 825 1499 absolutum.
870 1429 979 1514 Quum
1000 1435 1125 1510 autem,
1154 1431 1254 1500 Putre

46 1535 231 1622 castigante,
244 1536 477 1626 poenitentiam
492 1536 636 1602 homines
652 1535 781 1623 possint
795 1533 925 1620 eligere,
941 1537 1093 1623 apparet,
1104 1534 1182 1624 quid
1196 1557 1254 1602 va·

45 1633 98 1702 leat
110 1637 270 1718 hortatio,
291 1641 326 1706 et
347 1662 406 1711 cor
424 1661 485 1726 ego
505 1637 680 1704 identidem
700 1636 864 1704 exhortari
888 1657 1032 1725 pergam.
1077 1636 1144 1704 Sed
1165 1639 1253 1716 sunt,

45 1737 159 1825 quibua,
174 1739 350 1810 hortantes
365 1743 488 1819 andire,
511 1763 551 1808 ne
565 1740 599 1806 in
620 1743 760 1807 mentem
777 1739 906 1829 quidem
921 1739 1047 1816 veniat,
1076 1738 1253 1828 quinetiam

45 1843 145 1927 nugari
160 1847 336 1921 conantur,
352 1844 451 1910 verba
469 1843 504 1910 in
523 1844 695 1911 veritatem
715 1841 872 1908 maledica
890 1843 1107 1920 effundentes,
1129 1841 1254 1930 sibique

38 1937 136 2010 ‘rerum
157 1947 377 2014 maximarum
402 1947 604 2014 vindicantes
630 1945 862 2031 cognitionem,
885 1967 985 2034 quum
1004 1945 1255 2016 nec'didicerint
1347 1991 1353 2004 ·

45 2065 92 2110 nec
105 2050 319 2138 quaesierint,
330 2072 390 2116 nec
403 2049 592 2126 laborarint,
608 2069 667 2114 nec
680 2047 863 2114 invenerint
877 2047 1139 2136 consequentiam
1147 2073 1156 2127 ;
1173 2071 1253 2138 quo·

45 2165 102 2212 rum
115 2151 315 2218 misereatur
328 2153 438 2242 potius
454 2151 579 2242 aliquis,
602 2173 698 2240 quam
714 2149 788 2216 odio
804 2171 859 2216 eos
872 2149 993 2232 habeat
1007 2153 1140 2240 propter
1154 2152 1253 2218 talem

45 2253 293 2333 perversitatem.
339 2255 463 2344 Siquis
484 2257 538 2320 est
556 2256 666 2320 autem
693 2252 863 2330 sanabilis,
893 2252 949 2342 qui
969 2255 1124 2343 tanquam
1144 2253 1253 2340 ignem

44 2349 84 2415 vel
100 2352 222 2424 terrum
247 2356 331 2424 terre
350 2356 457 2445 possit
475 2355 659 2422 libertatem
680 2355 845 2432 veritatis,
866 2357 1029 2422 secantem
1051 2358 1086 2422 et
1101 2359 1253 2426 *urentem
1284 2431 1297 2466 e

45 2447 129 2522 falsas
140 2458 323 2547 opiniones,
338 2457 598 2548 praebeataures
609 2459 745 2524 animae.
791 2456 856 2524 Sed
869 2457 1254 2548 socordinimpedimento

45 2556 86 2618 est
98 2562 131 2624 et
144 2560 274 2646 gloriae
287 2560 443 2640 additas,
465 2583 530 2650 qua
548 2561 676 2630 incitati
696 2583 749 2628 ree
769 2583 870 2628 novas
891 2561 1070 2628 moliuntur
1089 2561 1252 2629 haeretici.

47 2653 101 2723 Sed
114 2665 282 2750 praeclare
293 2685 366 2730 cum
381 2663 428 2730 eis
444 2668 551 2732 actum
567 2667 671 2740 esset,
698 2665 726 2728 si
745 2685 784 2730 ea
803 2662 989 2753 potuissent
1008 2663 1147 2742 discere,
1170 2687 1253 2754 quae

44 2759 119 2843 ptius
134 2770 233 2834 erant
246 2765 379 2834 tradita.
424 2765 522 2832 Solus
536 2788 614 2852 ergo
628 2765 809 2853 gnosticae,
827 2786 926 2855 quum
937 2765 975 2832 in
994 2766 1076 2854 ipsis
1094 2789 1253 2836 consenu-

45 2862 285 2958 encscnpturin
296 2868 521 2957 Apostolicam
533 2870 568 2932 et
578 2868 829 2934 ecclesiasticam
842 2873 964 2937 rectam
977 2890 1109 2934 servans
1119 2870 1252 2957 dogma-

44 2962 101 3032 tum
119 2993 285 3050 normam,
320 2971 502 3038 rectissime
526 2971 625 3037 etiam
651 2969 733 3036 vivit
757 2970 937 3056 Evangelio
967 2972 1193 3038 convenienter
1218 2975 1253 3039 et

44 3061 323 3140 demonstrationes
334 3073 393 3153 its,
405 3076 444 3140 ut
454 3073 591 3162 quaerit,
600 3072 735 3150 invenit,
750 3075 789 3140 ut
800 3073 856 3162 qui
866 3096 888 3146 a
899 3073 1040 3150 Domino
1054 3078 1250 3154 arcessatur,

44 3167 165 3262 abege,
186 3197 208 3242 a
222 3177 406 3266 Prophetis.
449 3161 613 3244 Nec'vero
627 3197 754 3253 omnes,
784 3175 840 3264 qui
859 3175 997 3242 audiunt
1015 3175 1148 3245 verbum
1168 3176 1251 3242 diri-

44 3287 118 3352 num,
144 3277 235 3346 facto
263 3283 298 3344 et
325 3279 424 3346 verbo
449 3279 583 3368 capiunt
608 3277 803 3366 cognitionis
834 3278 1102 3365 magnitudinem.
1148 3278 1251 3362 Quid
1311 3368 1314 3373 1

43 3372 123 3442 nihi
138 3379 299 3460 dicitis,
322 3382 372 3448 ait
390 3382 513 3468 Logos,
534 3381 715 3460 Domine,
738 3383 779 3446 et
801 3402 878 3454 non
898 3380 1037 3448 tacitis
1066 3381 1250 3450 volunta-

44 3470 107 3542 lem
121 3481 261 3550 Patris
280 3485 371 3566 mei,
395 3484 417 3549 i.
432 3507 461 3550 e.
476 3485 656 3550 doctrinam
673 3483 867 3561 Servetorie,
884 3506 966 3574 quae
982 3483 1076 3552 nobis
1091 3489 1144 3554 est
1158 3486 1250 3554 cibus

44 3575 187 3686 Jpldtslis
201 3589 358 3676 etpotus,
377 3586 436 3676 qui
449 3586 556 3654 nescit
570 3587 675 3668 sitim,
699 3585 888 3678 aquositas
911 3587 1090 3674 gnosticae.
1134 3589 1251 3678 Atqui,

43 3683 191 3768 lnquinnt,
223 3688 373 3754 inflare
395 3691 574 3776 cognitio
595 3689 724 3756 dicitur.
775 3689 903 3772 Quibus
923 3691 1172 3779 respondemus3
1193 3693 1253 3758 aut

43 3783 225 3865 tognitionis
247 3790 402 3880 species
423 3791 551 3871 inflare,
573 3793 595 3858 i.
611 3817 638 3862 e.
653 3792 845 3860 insolentem
860 3791 994 3858 reddere
1013 3793 1143 3872 dicitur,
1158 3833 1200 3844 -
1216 3795 1251 3860 et
1380 3798 1383 3805 “

43 3873 92 3948 hon
111 3889 239 3977 quidem
254 3915 381 3972 verum;
397 3931 441 3944 -
455 3897 524 3990 aut,
541 3896 626 3984 quod
640 3895 749 3961 malim
764 3892 919 3970 affimare,
942 3895 1251 3980 magnificenter

44 4000 77 4047 ²0
94 4011 184 4060 nero
206 3995 358 4061 sentire
381 3997 545 4084 significat
561 4021 623 4064 vox
634 3995 799 4086 Apostoli,
815 3995 865 4060 sin
880 3995 951 4074 hoc,
966 3997 1046 4062 nihil
1062 3997 1160 4064 etiam
1176 3998 1250 4076 erit,

42 4081 75 4149 de
99 4113 161 4180 quo
182 4095 360 4164 dubitetur.
404 4101 452 4166 Et
476 4099 538 4166 hoc
557 4100 686 4190 quidem
707 4100 755 4166 ita
782 4120 816 4164 se
835 4097 953 4164 habere
978 4121 1005 4163 s.
1024 4121 1049 4164 s.
1070 4100 1251 4189 scripturae

43 4184 205 4265 suuntur.
250 4199 474 4291 Sapientia,
497 4202 545 4269 ait
560 4201 724 4282 Salomon,
747 4199 915 4266 inflavit
937 4223 1028 4268 suos
1051 4201 1248 4280 filios,i.e.

43 4297 217 4378 marmficos
231 4303 415 4390 cognitione
429 4305 537 4370 effecit
553 4325 727 4393 eorumque
742 4305 996 4391 contemptores,
1017 4325 1099 4394 quae
1114 4303 1250 4383 trahunt

44 4389 78 4453 ll
90 4408 262 4483 peccatum.
305 4405 396 4476 Idem
410 4410 519 4475 autem
534 4405 606 4474 aliis
622 4407 778 4496 probatur
791 4403 917 4487 locis1).

45 4521 231 4554 κ...-

91 4614 115 4720 ξ)
130 4635 154 4688 r·
164 4623 312 4685 sss-sto.
