2820 5052
578 303 780 406 Q

64 489 248 569 οιιιιιιιιιιι,
260 485 435 578 diligenter
445 493 771 582 quaeraturoportet,
786 489 917 580 qualis
932 489 987 570 sit,
1003 511 1192 578 quaenam
1202 493 1289 564 eius

63 595 227 671 natura,
252 593 381 660 etnam
395 596 543 663 ιιιιιιιιιι
562 595 706 664 ordinem
726 595 847 664 datum.
890 593 1041 678 Quorum
1054 595 1083 663 si
1103 594 1241 684 simplex
1254 601 1290 666 et

62 693 153 762 nuda:
162 683 347 767 affirmatio
360 718 425 762 non
441 697 572 776 sufficit,
588 699 676 765 dicta
691 700 770 766 sunt
783 695 1010 765 confirmanda.
1053 695 1121 764 Nec
1134 719 1210 766 vero
1224 698 1289 767 alia

61 819 93 862 re
105 819 174 864 non
189 799 305 866 minus
321 799 420 866 dubia
432 800 602 868 nitendum
616 804 678 879 est,
695 801 753 868 sed
765 822 804 868 eo
817 799 1007 887 disciplinae
1019 799 1178 890 principio
1194 804 1290 870 uteu

62 899 153 979 dum,
183 895 280 988 qnod
299 904 441 968 omnium
461 925 621 972 consensu
640 906 765 970 certum
784 904 837 970 est
855 901 933 968 et
907 921 976 970 sane
996 903 1225 972 controversia.
1245 939 1289 960 -

62 999 105 1068 lli
119 1001 205 1070 haec
220 1004 358 1095 quidem
375 1005 452 1072 eolis
467 1005 614 1093 exemplo
627 1005 845 1074 illuminantur.
862 1043 901 1056 -

119 1105 383 1179 Demonstratio
408 1111 517 1175 autem
543 1109 651 1176 dubiis
678 1129 720 1175 ex
744 1129 797 1174 cer
799 1106 842 1172 tis
799 1103 967 1174 tfidem
991 1108 1168 1196 comparat.
1211 1105 1292 1194 Ipsa

62 1227 146 1286 vero,
163 1209 262 1276 sicut
276 1209 369 1290 tides,
389 1211 543 1298 cognitio,
564 1209 790 1301 praescientia,
811 1207 930 1276 dicitur
950 1209 1045 1302 modo
1065 1207 1202 1298 duplici:
1225 1231 1292 1278 una

62 1315 111 1377 ert
123 1312 218 1378 enim
234 1314 508 1400 incorporatae
523 1313 661 1391 stabilis,
678 1314 782 1380 altera
794 1333 836 1380 ex
852 1312 921 1379 sola
937 1333 1006 1400 spe.
1045 1311 1098 1378 Ac
1113 1311 1202 1398 priur
1216 1311 1290 1397 qui·

61 1411 130 1480 dem
145 1415 288 1504 proprie
303 1413 422 1480 dicitur
437 1415 680 1493 demonstratio,
696 1413 889 1514 quaefidem
910 1415 1147 1500 ἑπισιημιιικὴν
1162 1413 1289 1482 discen·

1 1559 2 1564 κ
62 1515 140 1582 tium
156 1517 284 1582 animis
299 1515 485 1603 ingenerat;
507 1518 609 1584 altera
629 1519 811 1606 opinionem
832 1515 949 1604 gignit.
992 1513 1064 1580 Iam
1085 1513 1188 1600 igitur
1207 1537 1289 1600 quo-

62 1619 154 1684 modo
171 1619 347 1706 pertineat
361 1619 515 1685 indicium
529 1619 572 1683 ad
586 1620 893 1686 demonstrationem
909 1620 943 1684 et
955 1616 1174 1704 syllogismus,
1190 1638 1289 1702 quae·

61 1720 150 1786 ritur.
197 1721 365 1786 Indicium
380 1745 480 1788 unum
499 1723 629 1788 tantuin
651 1723 825 1810 significat,
851 1722 937 1788 unde
958 1719 1037 1806 quid
1057 1720 1286 1804 consequatur,
1328 1763 1330 1772 ι

63 1825 226 1910 apertum.
255 1821 454 1910 Syllcgirmo
469 1827 578 1892 autem
593 1825 741 1914 pluribus
756 1847 838 1914 opus
854 1827 906 1890 est
924 1822 1063 1890 indiciis.
1096 1820 1189 1904 Quae
1204 1820 1290 1888 enim

63 1924 131 2009 quie
142 1925 313 2002 concedit,
328 1948 369 1992 ex
385 1926 436 1992 hir
448 1926 647 2006 concludere,
664 1928 889 2016 syllogismum
902 1928 956 1992 est
970 1923 1134 1994 conficere.
1162 1922 1290 2005 Quodsi

63 2047 219 2094 concessa
235 2049 315 2095 vera
329 2031 417 2107 sunt,
434 2029 642 2116 syllogismus
658 2034 711 2098 est
723 2029 967 2108 demonstratio,
989 2050 1072 2114 quae
1087 2029 1121 2095 et
1135 2047 1289 2094 concessa

63 2129 162 2215 prius,
179 2135 218 2198 et
234 2130 473 2198 conclusionem
489 2131 604 2206 deinde
618 2132 718 2200 habet
738 2155 823 2201 vera.
867 2130 936 2198 Nec
950 2151 1025 2198 vero
1046 2128 1183 2216 simplex
1202 2127 1288 2198 ullus

65 2253 167 2300 sermo
184 2231 400 2320 syllogismus
415 2235 478 2310 est,
494 2234 550 2320 qui
565 2235 674 2321 potins
696 2234 898 2322 compositus
915 2235 969 2300 est
991 2233 1033 2298 ad
1059 2232 1228 2300 minimum
1248 2233 1299 2300 ex'

64 2333 179 2414 trihus,
191 2334 325 2402 duabus
336 2335 624 2424 propositionibus,
635 2336 840 2406 conclusione
849 2359 925 2404 una.
948 2334 1037 2418 Quid
1047 2337 1150 2422 igitur
1160 2335 1202 2402 de
1211 2358 1287 2424 pro·

64 2437 287 2521 positionibus
299 2437 464 2504 dicemus?
486 2437 573 2506 Num
584 2463 694 2508 omnes
707 2439 805 2506 etiam
817 2439 1288 2526 demonstrataearuntantea?

64 2537 132 2604 Aut
144 2540 264 2606 omnia
278 2542 377 2626 egent
391 2541 679 2625 demonstratione,
702 2545 761 2610 aut
776 2545 854 2610 sunt
873 2541 1032 2628 quaedam
1051 2564 1110 2630 per
1130 2565 1165 2610 se
1176 2541 1287 2610 ‚credi-

65 2635 149 2706 bilia.
196 2641 240 2709 Si
254 2643 345 2730 prius
360 2665 483 2722 verum,
493 2643 532 2711 in
545 2644 708 2714 inlinitum
722 2645 934 2732 procedentes
953 2647 1134 2714 evertemus
1154 2645 1288 2714 demon-

66 2743 276 2822 strationem
301 2743 352 2810 sin
367 2746 516 2823 alterum,
538 2745 704 2814 credibilia
725 2769 783 2834 per
805 2769 841 2812 se
859 2757 955 2816 erunt
975 2748 1287 2816 demonstrationum

66 2843 239 2934 principia.
284 2847 390 2933 Atqui
404 2847 600 2936 philosophi,
615 2871 688 2916 esse
703 2848 924 2917 universorum
939 2849 1099 2936 principia
1118 2850 1287 2930 eiusmodi,
1361 2895 1368 2902 -

66 2946 101 3010 ut
117 2937 342 3018 demonstrari
361 2953 525 3035 nequeant
531 2950 712 3032 ,plectentur
717 2973 727 3028 ;
751 2948 779 3014 si
799 2954 852 3016 est
877 2973 955 3038 ergo
976 2951 1221 3029 demonstratio,
1243 2952 1288 3020 sit

67 3046 187 3134 aliquid
202 3073 264 3140 per
279 3073 314 3118 se
326 3049 481 3122 credibile
493 3073 625 3120 necesse
640 3055 702 3130 est,
718 3052 857 3140 primum
873 3055 908 3118 et
919 3053 988 3120 sine
998 3052 1285 3122 demonstratione.

67 3150 118 3216 Ad
131 3143 234 3220 fidem
249 3153 361 3239 igitur,
378 3153 460 3240 quae
474 3154 588 3240 nequit
602 3155 827 3231 demonstrari,
844 3155 948 3223 omnis
968 3155 1140 3224 deducitur
1154 3155 1287 3224 demon·

69 3253 195 3323 stratio.
241 3254 416 3325 Praeterea
436 3257 747 3328 demonstrationum
767 3257 926 3347 principia
947 3259 1025 3327 sunt
1044 3279 1093 3337 aa,
1113 3281 1196 3344 quae
1217 3259 1287 3326 evi·

67 3351 181 3424 denter
201 3361 364 3447 apparent
384 3359 495 3429 sensui
516 3363 550 3430 et
569 3359 804 3448 intelligentiae
825 3359 935 3443 (animi
954 3361 1048 3446 quasi
1068 3362 1205 3448 sensui).
1250 3360 1287 3429 si

69 3473 131 3538 qua
147 3481 230 3546 ergo
244 3459 344 3528 inerit
357 3463 515 3531 eiusmodi
529 3463 662 3531 inventa
676 3462 790 3554 oratio,
805 3483 888 3548 quae
901 3485 941 3530 ex
956 3465 1016 3545 eir,
1033 3485 1116 3550 quae
1128 3463 1194 3548 iam
1209 3465 1288 3530 sunt

69 3559 246 3641 credibilia,
260 3563 404 3632 nondum
425 3563 632 3634 credibilibus
652 3565 748 3634 fidem
772 3565 878 3653 possit
897 3565 1056 3635 tribuere:
1078 3565 1162 3632 hanc
1179 3565 1285 3653 ipsam

69 3655 210 3734 dicemus
232 3687 305 3734 esse
325 3657 611 3737 demonstrationis
637 3667 819 3738 essentiam.
865 3666 932 3750 Qui
958 3669 1128 3755 igiturex
1154 3669 1284 3740 eviden-

70 3759 156 3831 tibus
176 3770 267 3836 recte
286 3769 466 3847 concludit,
458 3790 466 3810 ·
494 3769 523 3838 is
545 3791 620 3838 sere
638 3771 850 3840 dernonstrat.
895 3769 933 3837 Si
957 3775 1034 3840 cont
1034 3793 1071 3836 ra
1091 3793 1132 3838 ex
1152 3771 1284 3840 demon

73 3861 185 3936 stratis
208 3869 362 3940 solvendo
380 3893 494 3943 nuens
515 3873 752 3945 conclusionem
772 3871 910 3948 recurrit
929 3873 972 3938 ad
992 3872 1154 3940 evidentia
1173 3873 1209 3941 et
1227 3896 1286 3961 per

72 3970 317 4052 reereffibilis,
307 3993 349 4044 ιιι
343 3973 417 4041 hoc
431 3973 575 4042 cernitur
589 3978 744 4050 ἀνάλυσις.
787 3974 865 4048 Duo
885 3997 964 4062 ergo
978 3975 1013 4042 in
1033 3973 1285 4047 demonstrando

71 4061 318 4156 diligentissime
333 4079 412 4144 sunt
427 4079 599 4147 servanda:
621 4079 724 4167 prius,
739 4081 778 4144 ut
792 4068 1028 4166 propositiones
1042 4078 1285 4150 accuratissime

76 4175 313 4256 examinentur,
336 4178 443 4246 sintne
458 4203 568 4259 uerae3
591 4181 639 4247 alt
624 4185 740 4259 t,erum
755 4184 793 4248 ut
808 4183 895 4246 recte
906 4178 1180 4246 concludatur
1192 4180 1285 4250 Haec

76 4269 236 4344 sufficiant
249 4279 291 4346 ad
308 4279 448 4348 indolem
461 4281 636 4369 fragmenti
652 4284 917 4372 cognoscendam.
955 4278 1106 4348 Clemens
1121 4281 1284 4374 deinceps,

74 4389 154 4468 quae
169 4382 298 4470 exposit
300 4405 319 4449 a
324 4377 422 4463 sunt,
437 4385 583 4474 exemplo
604 4385 696 4453 illust
681 4389 759 4466 t,rat
781 4390 816 4452 et
835 4408 894 4474 per
915 4405 949 4450 se
969 4383 1135 4452 credibilia
1150 4385 1284 4458 eviden-

77 4469 182 4564 tiaque
207 4487 319 4550 contra
343 4485 545 4574 Pyrrhonem
570 4473 723 4560 defendit.
776 4487 905 4556 Deinde
935 4487 1170 4568 inductionem,
1200 4489 1284 4557 divi·

80 4572 205 4665 sionem,
219 4586 448 4669 definitionem,
463 4581 770 4664 demonstrationem
785 4591 909 4670 coulert
923 4591 1010 4668 inter¹
1024 4614 1059 4662 se
1074 4614 1092 4664 e
1093 4590 1281 4682 tenplicat.
