2830 5052
598 349 658 416 1⁰9

49 537 181 608 Ηιιιιιιὶ
190 535 313 620 ιιιιιιι,
328 535 445 606 tibiam
457 535 608 624 Phryges
622 533 859 624 excogitarunt
881 531 1026 603 Cadmus
1041 537 1162 615 autem,
1175 537 1232 624 qui

51 639 162 710 Graecis
184 640 367 708 litterarum
393 638 525 706 exstitit
552 638 717 718 inventor,
750 636 896 704 Phoenix
925 636 998 704 fuit.
1051 637 1233 707 Medicinae
1346 639 1351 672 '

50 761 124 830 porro
135 745 298 810 auctorem
311 741 414 810 luisse
428 740 529 830 Apim
539 740 685 819 uadunt,
697 738 912 827 Aegyptium,
926 738 1123 826 indigenam,
1140 745 1233 808 ante·

10 835 13 842 ¹
51 867 124 930 quam
135 844 178 914 Jo
191 844 319 914 venerit
336 844 371 912 in
390 844 600 932 Aegyptum,
627 863 725 928 quam
749 844 852 908 ιιιιιιι
876 845 993 931 postea
1016 843 1234 933 Aesculapius

54 945 160 1018 esurit.
211 947 326 1034 Atque
350 945 473 1035 primae
496 943 589 1012 navis
616 943 792 1011 fabricator
817 943 916 1011 Atlas
946 945 1052 1032 Libys
1076 948 1235 1018 narratur.

57 1044 147 1114 conis
160 1051 273 1118 autem
288 1051 324 1118 et
343 1047 585 1127 Damnavaeus,
606 1045 697 1114 Idaei
717 1045 863 1132 Dactyli,
882 1047 918 1113 in
937 1044 1048 1135 Cypro
1068 1048 1164 1137 primi
1184 1049 1235 1116 in·
1354 1131 1360 1144 ,

56 1152 181 1218 ιιιιιιιιι
203 1150 343 1228 ferrum,
369 1171 410 1218 ex
428 1171 493 1236 quo
513 1149 569 1216 alii
593 1147 724 1216 barbari
747 1147 839 1214 varia
859 1149 1079 1217 instrumenta
1098 1155 1133 1218 et
1146 1173 1236 1220 arma

52 1249 171 1320 hhrioari
184 1254 371 1344 coeperunt
415 1252 572 1320 Similiter
585 1249 714 1328 barbari
737 1249 1018 1318 innumerabilium
1036 1251 1103 1320 tere
1124 1254 1237 1321 iuven-

52 1355 117 1422 iores
130 1351 348 1433 artificiorum,
364 1355 400 1422 et
413 1353 455 1420 ad
469 1355 641 1440 quaestum
655 1352 879 1440 quotidianum
893 1353 1125 1442 pertinentium
1144 1359 1179 1422 et
1198 1355 1240 1422 ad

51 1461 248 1548 necaturum,
265 1460 356 1526 etad
371 1456 500 1535 beilum,
515 1461 550 1522 ot
562 1455 605 1522 ad
619 1475 671 1522 res
686 1477 809 1535 omnes,
830 1477 913 1542 quae
931 1454 1033 1522 vitam
1047 1456 1098 1526 uel
1111 1456 1236 1524 instru-
1288 1467 1291 1478 '
1403 1433 1404 1476 ³

52 1561 163 1636 untrel
185 1563 387 1630 sustentant.
430 1557 524 1642 Quae
542 1558 593 1624 ita
611 1579 683 1626 sese
701 1558 819 1625 habere
843 1560 947 1626 testes
969 1562 1063 1625 sunt:
1086 1557 1238 1640 Soamon,

53 1658 289 1750 lieophrastus,
306 1659 496 1750 Cydippae,
511 1660 733 1748 Antiphanes,
756 1660 1002 1741 Aristodemus,
1027 1660 1237 1741 Aristoteles,

53 1758 318 1854 Philostephanus,
341 1763 466 1843 Strato,
481 1785 499 1830 e
513 1781 650 1850 qnorum
660 1761 752 1830 libris
764 1762 804 1830 ds
814 1762 955 1831 inventis
967 1785 1071 1852 pauca
1081 1765 1238 1854 excerpsi,

54 1865 82 1930 ut
91 1868 333 1956 comprobarem,
347 1867 496 1934 idoneam
510 1866 552 1934 ad
566 1865 784 1934 inventionem
802 1867 837 1934 in
856 1867 1003 1936 barbaris
1021 1867 1129 1936 inesse
1142 1870 1239 1935 natu·

58 1985 114 2046 ren,
123 1970 276 2058 uqudbus
292 1969 411 2038 Graeci
426 1972 620 2057 acceperunt
632 1968 805 2036 utilitates.

104 2069 180 2138 Sed
170 2072 324 2162 inprimis
339 2070 487 2138 doctrina
507 2093 579 2138 sero
594 2071 637 2136 ad
657 2069 802 2139 Graecos
821 2070 979 2161 pervenit,
998 2073 1138 2141 maxime
1158 2095 1241 2159 quae

60 2175 199 2242 versatm'
189 2199 225 2242 ιιι
239 2173 334 2242 libris
349 2171 600 2242 conscribendis.
644 2175 700 2241 Ab
698 2175 913 2284 Anaxagora
931 2175 1028 2254 enim,
1048 2173 1242 2264 Hegesibuli

56 2268 115 2351 iio,
137 2275 361 2356 Clazomenio,
394 2276 498 2364 primo
522 2274 641 2342 librum
666 2250 825 2364 scriptum
854 2276 978 2344 editum
1003 2299 1076 2345 esse
1100 2283 1242 2348 narrant.

54 2363 191 2468 Deinceps
221 2381 333 2446 autem
362 2400 474 2444 omues
498 2381 586 2444 artes
611 2375 770 2446 liberales
785 2373 948 2468 scriptura
973 2380 1023 2446 uti
1042 2381 1242 2470 inceperunt.

54 2470 276 2552 Nihilominus
266 2505 301 2548 ιιι
323 2478 451 2548 Graeca
475 2479 678 2569 philosophia
702 2481 753 2547 ais
779 2481 937 2568 quasdam
961 2481 1059 2562 inest,
1082 2483 1243 2552 imbecilla

53 2577 158 2660 quidem
178 2585 222 2658 ud
242 2583 397 2650 mandata
416 2581 550 2650 Domini
565 2583 786 2668 exsequenda,
813 2588 850 2650 at
868 2605 945 2664 vero
964 2586 1103 2652 maxime
1122 2587 1242 2673 regulis

53 2675 121 2750 ilius
138 2687 305 2754 doctrinae
325 2685 627 2775 viampraepamna
651 2685 834 2773 uuicuique,
855 2687 911 2778 qui
930 2685 1172 2756 Providentiam
1187 2711 1244 2755 ex-

52 2778 147 2854 sistere
160 2789 382 2874 crediderit1)

100 2888 256 2960 Attamen
270 2894 358 2969 suut,
373 2911 430 2976 qur
419 2887 546 2956 solam
560 2888 709 2956 veritatis
724 2890 1045 2958 communicationem
1064 2895 1245 2978 agnoscant

51 2989 269 3071 revelationem,
284 3011 556 3080 quamvocamus,
572 2990 864 3078 supernaturalem,
886 2990 1121 3080 philosophiam
1135 2997 1246 3084 autem

9 3133 10 3138 κ
52 3081 122 3158 tarto
136 3099 319 3186 surreptam
333 3095 383 3162 vel
400 3093 515 3171 eiuro,
530 3091 571 3158 ab
586 3092 715 3180 Angelo
731 3092 855 3160 scilicet
869 3093 1017 3161 veritatis
1037 3096 1191 3164 nonnulla
1205 3117 1246 3162 ex

51 3195 127 3274 pou
140 3201 257 3286 perito,
273 3198 329 3286 qui
342 3197 378 3264 in
390 3195 529 3264 veritate
542 3217 608 3262 uon
622 3195 789 3273 manserit,
804 3194 957 3262 donatam
977 3197 1105 3264 venisse
1123 3199 1158 3266 in
1177 3202 1245 3265 ter-

51 3309 116 3362 ΜΠ]
157 3301 317 3386 Quamvis
332 3299 417 3366 euim
431 3297 522 3366 utilis
537 3297 655 3364 evadat
674 3297 888 3386 philosophia,
906 3299 1001 3366 deum
1020 3303 1131 3368 tamen
1149 3299 1246 3368 huius

52 3395 187 3472 utilitatis
202 3427 270 3474 non
282 3403 331 3470 ita
345 3423 477 3470 causam
496 3423 585 3479 esse,
604 3403 644 3468 ut
657 3400 849 3468 'vuluerit
871 3400 960 3468 illam
979 3401 1192 3470 hominibus
1182 3425 1245 3469 rm·
1253 3411 1264 3430 ⁸

53 3502 166 3585 pertire,
181 3508 292 3576 sedeo
306 3508 447 3583 tentum,
461 3503 888 3592 quodnonimpedierit;
910 3507 1246 3598 causamessepptrus

53 3594 168 3676 furtum.
212 3609 298 3678 Tum
312 3629 388 3676 vero
402 3607 531 3674 omuino
549 3629 615 3674 nou
635 3606 740 3686 Deus,
761 3606 820 3674 sed
839 3605 987 3674 diabolm
1007 3631 1106 3676 causa
1125 3612 1200 3689 erit,
1219 3611 1247 3677 si

54 3704 165 3785 quidem
175 3711 258 3782 haec
270 3734 336 3780 ιιοιι
349 3711 384 3780 iu
396 3705 474 3778 nihil
487 3711 613 3798 agendo
625 3710 777 3790 cernitur,
798 3709 995 3797 quinetiam
984 3735 1020 3778 ιιι
1030 3712 1102 3801 ipsa
1113 3711 1249 3786 actione.

55 3802 188 3887 Quodsi
177 3839 208 3886 rs
222 3819 312 3884 esset
325 3835 434 3891 causa,
449 3812 579 3900 quinon
590 3813 786 3902 prohiberet,
800 3813 880 3880 deus
891 3815 1033 3882 omnium
1044 3817 1248 3904 peccatorum

54 3922 348 4000 appareretauctor,
368 3939 451 4004 quae
464 3919 577 3984 eontra
591 3938 632 3984 ex
642 3917 742 3985 libero
752 3917 918 3984 hominum
930 3917 1065 3984 arbitrio
1077 3917 1129 3985 vel
1140 3918 1247 3983 minus

55 4011 96 4076 Vel
107 4020 186 4088 male
200 4018 346 4088 adhibito
365 4018 624 4107 proficiscuntur.
667 4017 829 4106 Impedire
853 4019 984 4106 quidem
1003 4020 1038 4084 in
1058 4041 1157 4086 causa
1176 4041 1249 4088 esso

55 4119 192 4202 potest3
213 4122 291 4210 quia
304 4143 400 4211 agere
414 4123 482 4200 est;
504 4142 583 4188 nou
602 4121 774 4209 impedire,
793 4121 958 4191 minime.
1001 4123 1121 4189 Restat
1137 4122 1250 4209 igitur,

56 4217 87 4280 n
99 4219 254 4292 diabolum
268 4223 499 4313 philosophiae,
513 4223 716 4290 utilisoius
731 4223 871 4310 quidem,
887 4226 1051 4291 auctorem
1066 4245 1138 4291 asse
1148 4225 1249 4304 dieas,

57 4321 138 4402 quod,
153 4349 251 4414 quum
261 4326 326 4394 iste
339 4326 461 4393 nullius
476 4325 552 4393 boui
566 4326 630 4391 iam
646 4326 692 4393 sit
705 4347 814 4406 causa,
830 4333 882 4394 eat
896 4326 1083 4394 absurdum.
1115 4328 1161 4394 At
1174 4349 1250 4395 vero

59 4421 196 4515 amptum
214 4433 281 4502 est:
303 4427 469 4512 „Omnes‚
489 4425 545 4518 qui
565 4425 699 4500 luerunt
719 4431 796 4498 ante
814 4427 1012 4512 Dominum,
1036 4431 1124 4500 fures
1144 4431 1179 4500 st
1199 4429 1250 4499 la·
1373 4447 1376 4462 ⁴

59 4552 244 4584 Νι...-

103 4645 125 4720 ¹)
139 4670 162 4726 ι.
174 4651 323 4716 ιιι-ιιι.
