2820 5052
698 331 703 354 ι
752 313 815 379 202
878 297 882 305 '
1400 371 1401 420 1

1400 443 1401 484 ι

174 501 223 568 ita
235 499 329 568 nobis
341 520 468 589 quoqne
478 497 566 566 haud
575 499 690 589 sponte
701 485 881 586 confingat,
897 501 936 566 ut
945 497 1107 567 obiectum
1118 497 1270 568 veritatis
1282 498 1371 589 splen·
1400 529 1401 544 ι

89 673 92 680 ,
141 602 145 611 ’
176 605 287 672 dorem
302 602 435 694 plenum
449 601 594 669 adversis
608 603 729 670 intueri
743 601 846 669 oculis
860 603 1067 692 pessimum).

109 767 114 790 ,
238 706 307 772 Nos
328 706 437 770 autem
457 703 625 792 gnosticae
645 703 873 772 declarationis
893 705 1031 792 exempli
1050 719 1150 772 ιιιιιι
1167 725 1371 793 percurramus

175 809 387 895 Decalogum.
431 805 484 872 De
514 827 605 874 sacro
635 805 766 872 denario
795 805 924 892 quidem
949 807 1056 874 dicere
1079 827 1166 896 nnnc
1191 807 1371 895 supersedeo.

175 913 272 978 Duae
287 911 396 976 autem
410 907 542 974 tabulae
557 907 681 975 coelum
701 911 736 977 et
756 911 876 974 terram
897 907 1098 994 significant3
1126 909 1296 996 digitum
1313 928 1371 975 vom
1400 889 1401 904 ἵ

174 1013 226 1082 dei
241 1011 421 1102 potentiam
436 1031 508 1076 esee
522 1014 687 1098 putamus,
704 1033 769 1096 qua
782 1009 861 1077 haec
875 1012 1007 1077 creavit.
1030 1010 1217 1097 Decalogus
1231 1011 1299 1099 ipse
1308 1011 1370 1076 ima·

69 1123 74 1132 '
173 1115 250 1204 gine
270 1113 410 1200 quadam
429 1111 562 1180 coelesti
583 1112 730 1180 continet
749 1113 860 1190 solem,
881 1112 1001 1192 lunam,
1022 1115 1124 1190 astra,
1144 1113 1260 1191 nubes,
1280 1111 1370 1186 lucem,

175 1217 335 1307 spiritum,
352 1237 480 1302 aquam,
495 1235 612 1293 aerem,
628 1216 790 1292 tenebras,
805 1216 924 1302 ignem,
941 1215 997 1301 qui
1012 1219 1064 1281 est
1074 1215 1235 1281 naturalis
1247 1214 1370 1281 eoelide-
1400 1237 1401 1298 ι

174 1320 323 1408 cologus3
347 1317 558 1403 similiterque
571 1317 728 1384 habemus
742 1317 923 1384 naturalem
936 1321 1043 1384 terrac
1059 1317 1260 1405 decalogum.
1287 1315 1368 1381 Ares

173 1443 279 1510 porro,
301 1443 383 1507 quae
402 1420 482 1487 haec
501 1419 768 1508 amplectebatur,
789 1441 897 1486 rerum
921 1419 1102 1486 divinarum
1127 1409 1163 1486 et
1181 1417 1368 1498 humanarum

173 1524 237 1590 erit
247 1523 395 1610 cognitio
410 1525 445 1588 et
460 1521 642 1610 sapientia..
671 1521 741 1593 Sed
758 1519 892 1590 tabulae
908 1521 1006 1588 etiam
1025 1521 1163 1588 ¹¹clerorum
1178 1519 1369 1588 testamuto·

173 1649 246 1694 rum
260 1624 432 1714 prophetia
446 1625 520 1690 e‘sse
534 1627 684 1712 possunt.
728 1623 776 1690 Et
796 1623 947 1692 denarius
967 1625 1097 1711 quidem
1110 1625 1151 1690 ‘in
1170 1623 1298 1692 homine
1311 1641 1369 1708 que

158 1739 236 1815 'que
251 1731 303 1794 eet
317 1727 448 1813 quidam
463 1749 528 1793 non
543 1749 584 1793 ex
597 1749 663 1792 una
676 1727 806 1793 tontum
821 1730 915 1816 parte
924 1733 965 1812 ²).
981 1759 1024 1776 »⁴
1038 1725 1191 1794 Clemens
1205 1726 1267 1793 hac
1280 1723 1369 1817 simili·

172 1830 285 1896 tudine
300 1830 343 1894 ad
357 1829 495 1896 hominis
509 1833 635 1918 partem
650 1829 859 1918 principalem
874 1833 909 1896 et
922 1830 1057 1896 alteram
1071 1826 1369 1897 huic'subtieiendrm

171 1933 308 2000 rationis
323 1933 489 2020 expertem
499 1933 629 1998 transit
644 1931 773 1998 Deinde
787 1932 901 1998 scribit
911 1953 988 2020 ergo
998 1933 1107 1998 ita-
1117 1929 1308 2020 Principalis
1318 1927 1368 1996 aul·

172 2057 244 2101 mac
253 2057 332 2122 pars
342 2029 443 2102 hebet
452 2033 587 2101 liberam
597 2029 737 2120 eligendi
748 2033 946 2114 facultatem
959 2059 1023 2122 qua
1033 2035 1125 2102 nasei
1134 2036 1357 2124 poseium
1285 2034 1357 2098 in
1350 2029 1367 2082 '·

173 2137 260 2225 ιιιιο,
272 2137 453 2225 discuplma
465 2135 618 2228 cognitio.
641 2135 782 2226 Propter
791 2137 874 2206 hauc
884 2135 1076 2204 facultttem
1086 2138 1168 2204 ιιιιι
1179 2138 1274 2204 homo
1274 2055 1368 2218 ,idqm

172 2242 261 2306 certo
275 2239 380 2306 modo.
430 2238 512 2306 Pars
528 2242 637 2306 autem
652 2261 805 2328 corporea
820 2244 882 2320 est,
898 2255 962 2327 qua
976 2239 1179 2342 concupiscit
1200 2239 1302 2314 homo,
1320 2235 1366 2300 lae·

172 2341 304 2420 tatur,’
293 2326 407 2408 irascit
408 2363 457 2419 ur,
477 2341 588 2421 alitur,
609 2342 763 2428 augetur3
792 2341 853 2410 hac
877 2345 957 2430 agat
981 2333 1090 2410 edum
1105 2343 1210 2408 menti
1236 2333 1365 2427 cogitanti

172 2445 410 2511 conuenienter.
454 2443 582 2525 Quodsi
611 2443 706 2510 homo
732 2445 849 2512 vicerit
869 2445 1077 2532 cupiditates,
1102 2444 1292 2535 principalia
1310 2457 1365 2530 pare

171 2549 300 2634 regnat.
335 2546 422 2612 Illud
436 2567 529 2632 ergo:
549 2545 581 2611 N
587 2569 633 2612 on
649 2547 932 2635 concupisces,
947 2547 1033 2614 idem
1047 2552 1230 2638 astatque:
1244 2561 1366 2612 nonsar-

173 2647 241 2716 vles
258 2647 387 2736 spiritui
402 2645 523 2714 carnali
537 2649 596 2714 eod
609 2649 799 2738 imperabisl
816 2649 936 2732 Quare,
947 2645 1004 2716 cim
1013 2651 1143 2718 dicatur
1152 2651 1249 2718 horno
1259 2647 1365 2714 factus

172 2773 259 2818 esse
274 2751 322 2817 ad
336 2750 400 2816 dei
412 2751 638 2838 imaginem,
653 2751 875 2840 intelligimus.
896 2752 947 2820 Ut
961 2753 1045 2820 enirn
1055 2749 1367 2822 deus'omniaratioue

172 2853 415 2932 architectatur,
436 2853 607 2933 sichomo,
629 2856 685 2942 qui
710 2857 880 2943 gnosticue
903 2857 1054 2935 evaserit,
1079 2857 1218 2926 rationis
1237 2850 1366 2923 facultate

171 2957 325 3030 honestas
351 2955 479 3046 perficit
507 2957 661 3024 actiones.
706 2959 772 3026 Sed
801 2959 884 3026 duae
911 2959 1181 3028 rursus‘tabulae
1208 2951 1366 3047 significant

89 3142 94 3150 Ι
171 3059 270 3126 etiam
284 3061 365 3126 duas
380 3059 519 3126 hominis
534 3061 671 3126 facultat
656 3063 718 3139 t,es
735 3061 851 3148 quibus
862 3061 1013 3151 percipit.
1057 3049 1213 3130 Senem
1208 3062 1290 3130 enim
1307 3057 1365 3122 huet

171 3161 289 3239 omnia,
312 3185 394 3248 quae
412 3164 584 3242 cernimus,
609 3163 758 3252 percipi,
778 3167 908 3231 mente
932 3167 1051 3244 autem,
1073 3187 1155 3266 quae
1176 3165 1238 3233 sub
1260 3173 1365 3230 sensum

172 3287 239 3330 non
252 3264 384 3343 eadunt,
400 3267 439 3331 τὰ
453 3269 558 3350 νοητά

234 3365 305 3432 Iam
319 3389 395 3434 vero
411 3366 551 3455 primurn
565 3369 774 3456 praeceptum
793 3365 948 3445 ostendit,
970 3389 1069 3436 unum
1089 3368 1194 3435 solum
1208 3388 1279 3436 esse
1291 3363 1365 3431 deun

172 3467 438 3556 omnipotentem,
454 3469 567 3536 ducem
583 3472 749 3556 potentem
764 3493 805 3536 ex
819 3471 975 3558 Aegypto
994 3475 1030 3538 et
1050 3490 1109 3560 per
1123 3467 1330 3544 solitudinem,
1341 3463 1365 3528 ln

172 3593 237 3657 quo
253 3570 331 3648 solo,
346 3569 530 3638 idololatria
544 3572 681 3650 abiecta,
698 3595 773 3661 spes
788 3573 834 3640 eit
847 3573 1042 3640 collocanda.
1067 3573 1261 3652 Secundum,
1273 3571 1364 3661 poten·

171 3672 251 3760 tium
265 3695 446 3762 nomenque
460 3674 513 3740 dei
528 3675 635 3742 adres
650 3675 789 3762 genitas,
804 3677 928 3758 inanes,
952 3676 993 3744 ab
1013 3675 1196 3744 homiuibus
1210 3669 1364 3744 artificibus

170 3775 275 3842 lautae
291 3775 470 3854 transferri,
486 3773 589 3843 vetat.
624 3777 713 3842 Τιιι
690 3781 782 3855 trum,
804 3779 846 3844 ad
867 3779 979 3845 mundi
993 3779 1186 3846 creationem
1202 3768 1363 3866 respiciens

172 3878 346 3966 septimum
361 3878 446 3944 diem
460 3879 502 3944 ad
516 3881 745 3967 quiescendum
757 3879 798 3944 ab
808 3879 904 3946 huius
916 3881 1002 3948 vitae
1012 3882 1168 3948 malorum
1180 3877 1363 3988 perpessione

170 4002 191 4046 a
206 3982 266 4048 deo
279 3981 374 4047 nobis
389 4003 461 4047 esee
476 3983 599 4061 datum,
614 3981 796 4071 profitetur.
840 3979 933 4049 Deus
948 3984 1076 4070 quidem
1096 3981 1184 4055 omni
1202 3983 1293 4052 vacat
1304 3971 1363 4042 lati

170 4083 319 4170 gatione3
342 4084 451 4174 quiete
466 4108 537 4151 nos
553 4107 696 4172 egemus,
710 4085 819 4175 utqui
834 4106 962 4152 carnem
977 4091 1156 4182 gestemus.
1187 4075 1362 4174 maqueda

69 4271 72 4283 Ι
172 4187 330 4274 septimus
349 4191 557 4278 nuncupatur
577 4189 705 4278 quiea,
727 4188 915 4277 praedicens
937 4179 1173 4279 quodammodo
1194 4192 1360 4277 etpruepe·

323 4441 339 4497 9

205 4439 324 4592 ’idat
340 4441 519 4582 loccgddna'u
480 4530 558 4582 rius1
549 4530 695 4584 innomine
710 4521 844 4600 dupliieler
861 4537 1006 4601 ostendum
1022 4538 1066 4589 sed
1083 4529 1361 4631 argutiuserpoeitsedt

171 4613 302 4680 videnum}
310 4613 872 4700 dequibrsdieeudiepportunitae'dabitur
948 4645 952 4650 ·
1059 4629 1064 4640 '
