<?xml version="1.0" encoding="UTF-8"?>
<!DOCTYPE html PUBLIC "-//W3C//DTD XHTML 1.0 Transitional//EN"
    "http://www.w3.org/TR/xhtml1/DTD/xhtml1-transitional.dtd">
<html xmlns="http://www.w3.org/1999/xhtml" xml:lang="en" lang="en">
 <head>
  <title>
</title>
<meta http-equiv="Content-Type" content="text/html;charset=utf-8" />
  <meta name='ocr-system' content='tesseract 3.04.00' />
  <meta name='ocr-capabilities' content='ocr_page ocr_carea ocr_par ocr_line ocrx_word'/>
</head>
<body>
  <div class='ocr_page' id='page_1' title='image "./clemente00reingoog_0204.png"; bbox 0 0 2814 5052; ppageno 0'>
   <div class='ocr_carea' id='block_1_1' title="bbox 609 338 670 402">
    <p class='ocr_par' dir='ltr' id='par_1_1' title="bbox 609 338 670 402">
     <span class='ocr_line' id='line_1_1' title="bbox 609 338 670 402; baseline 0.016 -1"><span class='ocrx_word' id='word_1_1' title='bbox 609 338 670 402; x_wconf 90' lang='grc'><strong>191</strong></span> 
     </span>
    </p>
   </div>
   <div class='ocr_carea' id='block_1_2' title="bbox 539 425 739 442">
    <p class='ocr_par' dir='ltr' id='par_1_2' title="bbox 539 425 739 442">
     <span class='ocr_line' id='line_1_2' title="bbox 539 425 739 442; baseline 0.01 -7"><span class='ocrx_word' id='word_1_2' title='bbox 539 425 739 442; x_wconf 50' lang='grc' dir='ltr'>Ἢ</span> 
     </span>
    </p>
   </div>
   <div class='ocr_carea' id='block_1_3' title="bbox 10 521 1245 1642">
    <p class='ocr_par' dir='ltr' id='par_1_3' title="bbox 10 521 1245 1642">
     <span class='ocr_line' id='line_1_3' title="bbox 60 521 1241 612; baseline 0.003 -25"><span class='ocrx_word' id='word_1_3' title='bbox 60 521 196 599; x_wconf 88' lang='lat' dir='ltr'><strong>huoem,</strong></span> <span class='ocrx_word' id='word_1_4' title='bbox 217 521 262 590; x_wconf 90' lang='lat' dir='ltr'><strong>ad</strong></span> <span class='ocrx_word' id='word_1_5' title='bbox 283 541 398 609; x_wconf 87' lang='lat' dir='ltr'><strong>quam</strong></span> <span class='ocrx_word' id='word_1_6' title='bbox 419 543 495 590; x_wconf 92' lang='lat' dir='ltr'><strong>non</strong></span> <span class='ocrx_word' id='word_1_7' title='bbox 517 524 635 612; x_wconf 87' lang='lat' dir='ltr'><strong>patet</strong></span> <span class='ocrx_word' id='word_1_8' title='bbox 655 523 807 602; x_wconf 85' lang='lat' dir='ltr'><strong>aditus,</strong></span> <span class='ocrx_word' id='word_1_9' title='bbox 829 523 894 589; x_wconf 87' lang='lat' dir='ltr'><strong>iam</strong></span> <span class='ocrx_word' id='word_1_10' title='bbox 912 523 1070 611; x_wconf 79' lang='lat' dir='ltr'><strong>possidet,</strong></span> <span class='ocrx_word' id='word_1_11' title='bbox 1087 546 1151 593; x_wconf 91' lang='lat' dir='ltr'><strong>nou</strong></span> <span class='ocrx_word' id='word_1_12' title='bbox 1172 526 1241 610; x_wconf 92' lang='lat' dir='ltr'><strong>qui-</strong></span> 
     </span>
     <span class='ocr_line' id='line_1_4' title="bbox 58 622 1245 720; baseline 0.006 -32"><span class='ocrx_word' id='word_1_13' title='bbox 58 622 117 690; x_wconf 90' lang='lat' dir='ltr'><strong>dem</strong></span> <span class='ocrx_word' id='word_1_14' title='bbox 130 622 195 690; x_wconf 85' lang='lat' dir='ltr'><strong>loeo</strong></span> <span class='ocrx_word' id='word_1_15' title='bbox 210 629 244 692; x_wconf 88' lang='lat' dir='ltr'><strong>et</strong></span> <span class='ocrx_word' id='word_1_16' title='bbox 256 627 412 714; x_wconf 84' lang='lat' dir='ltr'><strong>tempore,</strong></span> <span class='ocrx_word' id='word_1_17' title='bbox 429 625 486 692; x_wconf 89' lang='lat' dir='ltr'><strong>sed</strong></span> <span class='ocrx_word' id='word_1_18' title='bbox 500 625 651 712; x_wconf 85' lang='lat' dir='ltr'><strong>gnostica</strong></span> <span class='ocrx_word' id='word_1_19' title='bbox 664 627 813 704; x_wconf 76' lang='lat' dir='ltr'><strong>caritate,</strong></span> <span class='ocrx_word' id='word_1_20' title='bbox 833 631 1077 720; x_wconf 86' lang='lat' dir='ltr'><strong>propterquam</strong></span> <span class='ocrx_word' id='word_1_21' title='bbox 1098 625 1245 714; x_wconf 86' lang='lat' dir='ltr'><strong>sequitur</strong></span> 
     </span>
     <span class='ocr_line' id='line_1_5' title="bbox 57 725 1242 818; baseline 0.004 -27"><span class='ocrx_word' id='word_1_22' title='bbox 57 725 228 808; x_wconf 83' lang='lat' dir='ltr'><strong>haeredites,</strong></span> <span class='ocrx_word' id='word_1_23' title='bbox 244 728 450 816; x_wconf 77' lang='lat' dir='ltr'><strong>perfectaque</strong></span> <span class='ocrx_word' id='word_1_24' title='bbox 470 728 647 798; x_wconf 79' lang='lat' dir='ltr'><strong>restitutio.</strong></span> <span class='ocrx_word' id='word_1_25' title='bbox 691 728 731 794; x_wconf 93' lang='lat' dir='ltr'><strong>In</strong></span> <span class='ocrx_word' id='word_1_26' title='bbox 750 731 839 796; x_wconf 85' lang='lat' dir='ltr'><strong>terra</strong></span> <span class='ocrx_word' id='word_1_27' title='bbox 863 729 977 796; x_wconf 90' lang='lat' dir='ltr'><strong>domus</strong></span> <span class='ocrx_word' id='word_1_28' title='bbox 1003 730 1073 796; x_wconf 89' lang='lat' dir='ltr'><strong>eius</strong></span> <span class='ocrx_word' id='word_1_29' title='bbox 1098 729 1242 818; x_wconf 85' lang='lat' dir='ltr'><strong>peregri-</strong></span> 
     </span>
     <span class='ocr_line' id='line_1_6' title="bbox 56 826 1242 918; baseline 0.004 -25"><span class='ocrx_word' id='word_1_30' title='bbox 56 826 156 907; x_wconf 87' lang='lat' dir='ltr'><strong>nantis,</strong></span> <span class='ocrx_word' id='word_1_31' title='bbox 170 829 204 896; x_wconf 89' lang='lat' dir='ltr'><strong>in</strong></span> <span class='ocrx_word' id='word_1_32' title='bbox 217 829 303 898; x_wconf 88' lang='lat' dir='ltr'><strong>ooelo</strong></span> <span class='ocrx_word' id='word_1_33' title='bbox 317 829 447 908; x_wconf 82' lang='lat' dir='ltr'><strong>habitat</strong></span> <span class='ocrx_word' id='word_1_34' title='bbox 457 854 531 908; x_wconf 84' lang='lat' dir='ltr'><strong>oum</strong></span> <span class='ocrx_word' id='word_1_35' title='bbox 543 831 602 898; x_wconf 91' lang='lat' dir='ltr'><strong>deo</strong></span> <span class='ocrx_word' id='word_1_36' title='bbox 610 831 760 908; x_wconf 81' lang='lat' dir='ltr'><strong>oasitato3</strong></span> <span class='ocrx_word' id='word_1_37' title='bbox 778 831 919 918; x_wconf 89' lang='lat' dir='ltr'><strong>seipsum</strong></span> <span class='ocrx_word' id='word_1_38' title='bbox 928 831 1056 918; x_wconf 86' lang='lat' dir='ltr'><strong>quidem</strong></span> <span class='ocrx_word' id='word_1_39' title='bbox 1069 833 1166 898; x_wconf 87' lang='lat' dir='ltr'><strong>evita</strong></span> <span class='ocrx_word' id='word_1_40' title='bbox 1176 855 1242 900; x_wconf 91' lang='lat' dir='ltr'><strong>non</strong></span> 
     </span>
     <span class='ocr_line' id='line_1_7' title="bbox 56 924 1242 1022; baseline 0.005 -26"><span class='ocrx_word' id='word_1_41' title='bbox 56 924 155 1009; x_wconf 85' lang='lat' dir='ltr'><strong>edioit,</strong></span> <span class='ocrx_word' id='word_1_42' title='bbox 180 931 264 1018; x_wconf 91' lang='lat' dir='ltr'><strong>quod</strong></span> <span class='ocrx_word' id='word_1_43' title='bbox 289 931 465 1010; x_wconf 81' lang='lat' dir='ltr'><strong>nonlicet,</strong></span> <span class='ocrx_word' id='word_1_44' title='bbox 492 932 626 1000; x_wconf 89' lang='lat' dir='ltr'><strong>ahduoit</strong></span> <span class='ocrx_word' id='word_1_45' title='bbox 651 936 760 1000; x_wconf 86' lang='lat' dir='ltr'><strong>autem</strong></span> <span class='ocrx_word' id='word_1_46' title='bbox 776 933 1086 1022; x_wconf 82' lang='lat' dir='ltr'><strong>aperpessionibns3</strong></span> <span class='ocrx_word' id='word_1_47' title='bbox 1110 957 1242 1021; x_wconf 85' lang='lat' dir='ltr'><strong>corpore</strong></span> 
     </span>
     <span class='ocr_line' id='line_1_8' title="bbox 54 1033 1243 1130; baseline 0.003 -32"><span class='ocrx_word' id='word_1_48' title='bbox 54 1055 104 1099; x_wconf 89' lang='lat' dir='ltr'><strong>non</strong></span> <span class='ocrx_word' id='word_1_49' title='bbox 116 1033 176 1102; x_wconf 89' lang='lat' dir='ltr'><strong>iam</strong></span> <span class='ocrx_word' id='word_1_50' title='bbox 189 1035 303 1130; x_wconf 82' lang='lat' dir='ltr'><strong>utitur,</strong></span> <span class='ocrx_word' id='word_1_51' title='bbox 318 1035 526 1124; x_wconf 85' lang='lat' dir='ltr'><strong>permittitei</strong></span> <span class='ocrx_word' id='word_1_52' title='bbox 548 1035 652 1104; x_wconf 88' lang='lat' dir='ltr'><strong>solum</strong></span> <span class='ocrx_word' id='word_1_53' title='bbox 671 1036 721 1102; x_wconf 90' lang='lat' dir='ltr'><strong>uti</strong></span> <span class='ocrx_word' id='word_1_54' title='bbox 740 1035 942 1102; x_wconf 81' lang='lat' dir='ltr'><strong>necessariis.</strong></span> <span class='ocrx_word' id='word_1_55' title='bbox 984 1036 1192 1104; x_wconf 82' lang='lat' dir='ltr'><strong>Fortitudine</strong></span> <span class='ocrx_word' id='word_1_56' title='bbox 1213 1037 1243 1104; x_wconf 88' lang='lat' dir='ltr'><strong>ei</strong></span> 
     </span>
     <span class='ocr_line' id='line_1_9' title="bbox 54 1138 1242 1225; baseline 0.006 -26"><span class='ocrx_word' id='word_1_57' title='bbox 54 1139 169 1202; x_wconf 89' lang='lat' dir='ltr'><strong>nonest</strong></span> <span class='ocrx_word' id='word_1_58' title='bbox 186 1159 284 1225; x_wconf 84' lang='lat' dir='ltr'><strong>opus3</strong></span> <span class='ocrx_word' id='word_1_59' title='bbox 306 1159 372 1206; x_wconf 90' lang='lat' dir='ltr'><strong>non</strong></span> <span class='ocrx_word' id='word_1_60' title='bbox 397 1141 450 1204; x_wconf 90' lang='lat' dir='ltr'><strong>est</strong></span> <span class='ocrx_word' id='word_1_61' title='bbox 473 1138 559 1206; x_wconf 89' lang='lat' dir='ltr'><strong>enim</strong></span> <span class='ocrx_word' id='word_1_62' title='bbox 583 1138 618 1206; x_wconf 87' lang='lat' dir='ltr'><strong>in</strong></span> <span class='ocrx_word' id='word_1_63' title='bbox 642 1140 748 1218; x_wconf 87' lang='lat' dir='ltr'><strong>malis,</strong></span> <span class='ocrx_word' id='word_1_64' title='bbox 773 1139 838 1204; x_wconf 91' lang='lat' dir='ltr'><strong>imo</strong></span> <span class='ocrx_word' id='word_1_65' title='bbox 861 1159 902 1204; x_wconf 89' lang='lat' dir='ltr'><strong>ne</strong></span> <span class='ocrx_word' id='word_1_66' title='bbox 924 1159 1077 1225; x_wconf 86' lang='lat' dir='ltr'><strong>praesens</strong></span> <span class='ocrx_word' id='word_1_67' title='bbox 1092 1139 1242 1225; x_wconf 63' lang='lat' dir='ltr'><strong>,quidem</strong></span> 
     </span>
     <span class='ocr_line' id='line_1_10' title="bbox 54 1235 1243 1328; baseline 0.005 -26"><span class='ocrx_word' id='word_1_68' title='bbox 54 1235 343 1325; x_wconf 76' lang='lat' dir='ltr'><strong>Temperantianon</strong></span> <span class='ocrx_word' id='word_1_69' title='bbox 362 1240 427 1308; x_wconf 90' lang='lat' dir='ltr'><strong>iam</strong></span> <span class='ocrx_word' id='word_1_70' title='bbox 446 1244 532 1328; x_wconf 85' lang='lat' dir='ltr'><strong>eget.</strong></span> <span class='ocrx_word' id='word_1_71' title='bbox 576 1241 751 1308; x_wconf 78' lang='lat' dir='ltr'><strong>Fortitudo</strong></span> <span class='ocrx_word' id='word_1_72' title='bbox 777 1245 886 1308; x_wconf 87' lang='lat' dir='ltr'><strong>antem</strong></span> <span class='ocrx_word' id='word_1_73' title='bbox 911 1243 1047 1328; x_wconf 85' lang='lat' dir='ltr'><strong>propter</strong></span> <span class='ocrx_word' id='word_1_74' title='bbox 1065 1245 1188 1308; x_wconf 90' lang='lat' dir='ltr'><strong>metum</strong></span> <span class='ocrx_word' id='word_1_75' title='bbox 1207 1245 1243 1308; x_wconf 92' lang='lat' dir='ltr'><strong>et</strong></span> 
     </span>
     <span class='ocr_line' id='line_1_11' title="bbox 53 1339 1242 1432; baseline 0.005 -28"><span class='ocrx_word' id='word_1_76' title='bbox 53 1339 255 1422; x_wconf 69' lang='lat' dir='ltr'><strong>timiditatem</strong></span> <span class='ocrx_word' id='word_1_77' title='bbox 270 1341 338 1419; x_wconf 69' lang='lat' dir='ltr'><strong>=sed</strong></span> <span class='ocrx_word' id='word_1_78' title='bbox 352 1343 405 1410; x_wconf 87' lang='lat' dir='ltr'><strong>dei</strong></span> <span class='ocrx_word' id='word_1_79' title='bbox 425 1345 565 1424; x_wconf 90' lang='lat' dir='ltr'><strong>amious,</strong></span> <span class='ocrx_word' id='word_1_80' title='bbox 593 1345 768 1432; x_wconf 80' lang='lat' dir='ltr'><strong>adoptione</strong></span> <span class='ocrx_word' id='word_1_81' title='bbox 786 1343 889 1421; x_wconf 89' lang='lat' dir='ltr'><strong>filius,</strong></span> <span class='ocrx_word' id='word_1_82' title='bbox 910 1342 1066 1428; x_wconf 87' lang='lat' dir='ltr'><strong>numquid</strong></span> <span class='ocrx_word' id='word_1_83' title='bbox 1085 1343 1242 1410; x_wconf 81' lang='lat' dir='ltr'><strong>timidus?</strong></span> 
     </span>
     <span class='ocr_line' id='line_1_12' title="bbox 10 1439 1241 1550; baseline 0.006 -46"><span class='ocrx_word' id='word_1_84' title='bbox 10 1483 11 1504; x_wconf 66' lang='lat'><em>2</em></span> <span class='ocrx_word' id='word_1_85' title='bbox 54 1439 309 1550; x_wconf 55' lang='lat' dir='ltr'><strong>Quemmlmodum</strong></span> <span class='ocrx_word' id='word_1_86' title='bbox 323 1445 417 1514; x_wconf 89' lang='lat' dir='ltr'><strong>bonis</strong></span> <span class='ocrx_word' id='word_1_87' title='bbox 433 1446 584 1535; x_wconf 85' lang='lat' dir='ltr'><strong>operibus</strong></span> <span class='ocrx_word' id='word_1_88' title='bbox 599 1447 655 1514; x_wconf 89' lang='lat' dir='ltr'><strong>alii</strong></span> <span class='ocrx_word' id='word_1_89' title='bbox 665 1445 910 1534; x_wconf 86' lang='lat' dir='ltr'><strong>praedestinati,</strong></span> <span class='ocrx_word' id='word_1_90' title='bbox 925 1444 971 1510; x_wconf 91' lang='lat' dir='ltr'><strong>sio</strong></span> <span class='ocrx_word' id='word_1_91' title='bbox 981 1444 1035 1510; x_wconf 88' lang='lat' dir='ltr'><strong>ille</strong></span> <span class='ocrx_word' id='word_1_92' title='bbox 1046 1446 1241 1532; x_wconf 75' lang='lat' dir='ltr'><strong>cognitione.</strong></span> 
     </span>
     <span class='ocr_line' id='line_1_13' title="bbox 10 1543 1241 1642; baseline 0.005 -34"><span class='ocrx_word' id='word_1_93' title='bbox 10 1603 11 1608; x_wconf 73' lang='grc'>,</span> <span class='ocrx_word' id='word_1_94' title='bbox 51 1543 115 1611; x_wconf 81' lang='lat' dir='ltr'><strong>lide</strong></span> <span class='ocrx_word' id='word_1_95' title='bbox 131 1548 282 1642; x_wconf 26' lang='lat' dir='ltr'><strong>gnostica,</strong></span> <span class='ocrx_word' id='word_1_96' title='bbox 303 1549 372 1640; x_wconf 79' lang='lat' dir='ltr'><strong>iam</strong></span> <span class='ocrx_word' id='word_1_97' title='bbox 393 1549 519 1638; x_wconf 88' lang='lat' dir='ltr'><strong>aooepit</strong></span> <span class='ocrx_word' id='word_1_98' title='bbox 537 1549 572 1616; x_wconf 89' lang='lat' dir='ltr'><strong>id</strong></span> <span class='ocrx_word' id='word_1_99' title='bbox 592 1550 679 1636; x_wconf 91' lang='lat' dir='ltr'><strong>quod</strong></span> <span class='ocrx_word' id='word_1_100' title='bbox 705 1549 777 1616; x_wconf 85' lang='lat' dir='ltr'><strong>aliis</strong></span> <span class='ocrx_word' id='word_1_101' title='bbox 802 1548 963 1614; x_wconf 81' lang='lat' dir='ltr'><strong>insertum</strong></span> <span class='ocrx_word' id='word_1_102' title='bbox 987 1547 1115 1614; x_wconf 86' lang='lat' dir='ltr'><strong>videtur</strong></span> <span class='ocrx_word' id='word_1_103' title='bbox 1134 1551 1169 1615; x_wconf 89' lang='lat' dir='ltr'><strong>et</strong></span> <span class='ocrx_word' id='word_1_104' title='bbox 1182 1548 1241 1616; x_wconf 91' lang='lat' dir='ltr'><strong>ob-</strong></span> 
     </span>
    </p>
   </div>
   <div class='ocr_carea' id='block_1_4' title="bbox 10 1648 1378 1742">
    <p class='ocr_par' dir='ltr' id='par_1_4' title="bbox 10 1648 1378 1742">
     <span class='ocr_line' id='line_1_14' title="bbox 10 1648 1378 1742; baseline 0.005 -32"><span class='ocrx_word' id='word_1_105' title='bbox 10 1693 11 1710; x_wconf 58' lang='lat'><em>2</em></span> <span class='ocrx_word' id='word_1_106' title='bbox 52 1667 169 1720; x_wconf 81' lang='lat' dir='ltr'><strong>rourum.</strong></span> <span class='ocrx_word' id='word_1_107' title='bbox 212 1648 363 1718; x_wconf 79' lang='lat' dir='ltr'><strong>Credidit</strong></span> <span class='ocrx_word' id='word_1_108' title='bbox 387 1673 447 1740; x_wconf 86' lang='lat' dir='ltr'><strong>per</strong></span> <span class='ocrx_word' id='word_1_109' title='bbox 470 1651 673 1742; x_wconf 84' lang='lat' dir='ltr'><strong>prophetiam</strong></span> <span class='ocrx_word' id='word_1_110' title='bbox 695 1656 731 1716; x_wconf 90' lang='lat' dir='ltr'><strong>et</strong></span> <span class='ocrx_word' id='word_1_111' title='bbox 754 1673 812 1740; x_wconf 87' lang='lat' dir='ltr'><strong>per</strong></span> <span class='ocrx_word' id='word_1_112' title='bbox 836 1649 972 1718; x_wconf 90' lang='lat' dir='ltr'><strong>Domini</strong></span> <span class='ocrx_word' id='word_1_113' title='bbox 996 1650 1183 1728; x_wconf 86' lang='lat' dir='ltr'><strong>adventum,</strong></span> <span class='ocrx_word' id='word_1_114' title='bbox 1207 1654 1242 1716; x_wconf 89' lang='lat' dir='ltr'><strong>et</strong></span> <span class='ocrx_word' id='word_1_115' title='bbox 1369 1705 1378 1724; x_wconf 86' lang='lat'><em>.</em></span> 
     </span>
    </p>
   </div>
   <div class='ocr_carea' id='block_1_5' title="bbox 8 1747 1342 4411">
    <p class='ocr_par' dir='ltr' id='par_1_5' title="bbox 8 1747 1342 4411">
     <span class='ocr_line' id='line_1_15' title="bbox 50 1747 1240 1841; baseline 0.003 -26"><span class='ocrx_word' id='word_1_116' title='bbox 50 1747 129 1818; x_wconf 86' lang='lat' dir='ltr'><strong>habet</strong></span> <span class='ocrx_word' id='word_1_117' title='bbox 139 1752 184 1832; x_wconf 92' lang='lat' dir='ltr'><strong>id,</strong></span> <span class='ocrx_word' id='word_1_118' title='bbox 199 1753 287 1840; x_wconf 84' lang='lat' dir='ltr'><strong>qnod</strong></span> <span class='ocrx_word' id='word_1_119' title='bbox 300 1753 414 1822; x_wconf 83' lang='lat' dir='ltr'><strong>eredit.</strong></span> <span class='ocrx_word' id='word_1_120' title='bbox 457 1753 620 1822; x_wconf 79' lang='lat' dir='ltr'><strong>Dominus</strong></span> <span class='ocrx_word' id='word_1_121' title='bbox 636 1757 745 1820; x_wconf 85' lang='lat' dir='ltr'><strong>autem</strong></span> <span class='ocrx_word' id='word_1_122' title='bbox 761 1754 801 1831; x_wconf 88' lang='lat' dir='ltr'><strong>ei,</strong></span> <span class='ocrx_word' id='word_1_123' title='bbox 817 1776 912 1838; x_wconf 91' lang='lat' dir='ltr'><strong>quem</strong></span> <span class='ocrx_word' id='word_1_124' title='bbox 931 1753 966 1818; x_wconf 90' lang='lat' dir='ltr'><strong>in</strong></span> <span class='ocrx_word' id='word_1_125' title='bbox 984 1752 1077 1818; x_wconf 88' lang='lat' dir='ltr'><strong>firma</strong></span> <span class='ocrx_word' id='word_1_126' title='bbox 1096 1775 1240 1841; x_wconf 86' lang='lat' dir='ltr'><strong>eompre-</strong></span> 
     </span>
     <span class='ocr_line' id='line_1_16' title="bbox 50 1849 1242 1945; baseline 0.003 -28"><span class='ocrx_word' id='word_1_127' title='bbox 50 1849 178 1921; x_wconf 88' lang='lat' dir='ltr'><strong>hensione</strong></span> <span class='ocrx_word' id='word_1_128' title='bbox 193 1856 340 1924; x_wconf 85' lang='lat' dir='ltr'><strong>futurum</strong></span> <span class='ocrx_word' id='word_1_129' title='bbox 355 1879 438 1934; x_wconf 89' lang='lat' dir='ltr'><strong>esse,</strong></span> <span class='ocrx_word' id='word_1_130' title='bbox 454 1856 588 1935; x_wconf 88' lang='lat' dir='ltr'><strong>viderit,</strong></span> <span class='ocrx_word' id='word_1_131' title='bbox 610 1857 759 1924; x_wconf 83' lang='lat' dir='ltr'><strong>ooonrrit.</strong></span> <span class='ocrx_word' id='word_1_132' title='bbox 803 1855 892 1920; x_wconf 89' lang='lat' dir='ltr'><strong>Nihil</strong></span> <span class='ocrx_word' id='word_1_133' title='bbox 911 1857 1090 1942; x_wconf 84' lang='lat' dir='ltr'><strong>gnostious,</strong></span> <span class='ocrx_word' id='word_1_134' title='bbox 1111 1863 1242 1945; x_wconf 84' lang='lat' dir='ltr'><strong>praeter</strong></span> 
     </span>
     <span class='ocr_line' id='line_1_17' title="bbox 51 1956 1241 2047; baseline 0.003 -27"><span class='ocrx_word' id='word_1_135' title='bbox 51 1975 122 2022; x_wconf 82' lang='lat' dir='ltr'><strong>suam</strong></span> <span class='ocrx_word' id='word_1_136' title='bbox 135 1958 230 2026; x_wconf 87' lang='lat' dir='ltr'><strong>tidem</strong></span> <span class='ocrx_word' id='word_1_137' title='bbox 245 1957 386 2046; x_wconf 83' lang='lat' dir='ltr'><strong>optabit,</strong></span> <span class='ocrx_word' id='word_1_138' title='bbox 399 1959 463 2026; x_wconf 91' lang='lat' dir='ltr'><strong>nisi</strong></span> <span class='ocrx_word' id='word_1_139' title='bbox 479 1961 517 2026; x_wconf 90' lang='lat' dir='ltr'><strong>ut</strong></span> <span class='ocrx_word' id='word_1_140' title='bbox 537 1981 633 2046; x_wconf 90' lang='lat' dir='ltr'><strong>quam</strong></span> <span class='ocrx_word' id='word_1_141' title='bbox 654 1958 783 2047; x_wconf 86' lang='lat' dir='ltr'><strong>plurimi</strong></span> <span class='ocrx_word' id='word_1_142' title='bbox 803 1956 866 2024; x_wconf 93' lang='lat' dir='ltr'><strong>sibi</strong></span> <span class='ocrx_word' id='word_1_143' title='bbox 887 1959 1008 2024; x_wconf 77' lang='lat' dir='ltr'><strong>similes</strong></span> <span class='ocrx_word' id='word_1_144' title='bbox 1030 1957 1112 2024; x_wconf 88' lang='lat' dir='ltr'><strong>fiant</strong></span> <span class='ocrx_word' id='word_1_145' title='bbox 1132 1959 1174 2024; x_wconf 89' lang='lat' dir='ltr'><strong>ad</strong></span> <span class='ocrx_word' id='word_1_146' title='bbox 1189 1958 1241 2024; x_wconf 90' lang='lat' dir='ltr'><strong>dei</strong></span> 
     </span>
     <span class='ocr_line' id='line_1_18' title="bbox 51 2051 1241 2150; baseline 0.003 -27"><span class='ocrx_word' id='word_1_147' title='bbox 51 2057 183 2143; x_wconf 79' lang='lat' dir='ltr'><strong>gloriam,</strong></span> <span class='ocrx_word' id='word_1_148' title='bbox 195 2083 279 2148; x_wconf 84' lang='lat' dir='ltr'><strong>quae</strong></span> <span class='ocrx_word' id='word_1_149' title='bbox 299 2060 373 2150; x_wconf 89' lang='lat' dir='ltr'><strong>ipsa</strong></span> <span class='ocrx_word' id='word_1_150' title='bbox 393 2051 577 2148; x_wconf 84' lang='lat' dir='ltr'><strong>cognitione</strong></span> <span class='ocrx_word' id='word_1_151' title='bbox 592 2061 766 2150; x_wconf 75' lang='lat' dir='ltr'><strong>perficitur.</strong></span> <span class='ocrx_word' id='word_1_152' title='bbox 809 2059 903 2126; x_wconf 91' lang='lat' dir='ltr'><strong>Deus</strong></span> <span class='ocrx_word' id='word_1_153' title='bbox 925 2061 1009 2128; x_wconf 88' lang='lat' dir='ltr'><strong>enim</strong></span> <span class='ocrx_word' id='word_1_154' title='bbox 1029 2061 1146 2127; x_wconf 88' lang='lat' dir='ltr'><strong>oolitur</strong></span> <span class='ocrx_word' id='word_1_155' title='bbox 1165 2083 1241 2126; x_wconf 86' lang='lat' dir='ltr'><strong>vera</strong></span> 
     </span>
     <span class='ocr_line' id='line_1_19' title="bbox 49 2157 1243 2252; baseline -0.001 -24"><span class='ocrx_word' id='word_1_156' title='bbox 49 2157 183 2230; x_wconf 78' lang='lat' dir='ltr'><strong>fautorum</strong></span> <span class='ocrx_word' id='word_1_157' title='bbox 197 2160 608 2251; x_wconf 75' lang='lat' dir='ltr'><strong>oognitionisqueiustitia.</strong></span> <span class='ocrx_word' id='word_1_158' title='bbox 629 2165 671 2230; x_wconf 92' lang='lat' dir='ltr'><strong>In</strong></span> <span class='ocrx_word' id='word_1_159' title='bbox 686 2186 812 2230; x_wconf 89' lang='lat' dir='ltr'><strong>summa</strong></span> <span class='ocrx_word' id='word_1_160' title='bbox 826 2164 946 2241; x_wconf 85' lang='lat' dir='ltr'><strong>autem,</strong></span> <span class='ocrx_word' id='word_1_161' title='bbox 962 2163 1032 2228; x_wconf 88' lang='lat' dir='ltr'><strong>fieri</strong></span> <span class='ocrx_word' id='word_1_162' title='bbox 1042 2186 1107 2230; x_wconf 92' lang='lat' dir='ltr'><strong>non</strong></span> <span class='ocrx_word' id='word_1_163' title='bbox 1118 2166 1243 2252; x_wconf 84' lang='lat' dir='ltr'><strong>potest,</strong></span> 
     </span>
     <span class='ocr_line' id='line_1_20' title="bbox 9 2263 1239 2357; baseline 0.003 -29"><span class='ocrx_word' id='word_1_164' title='bbox 9 2319 10 2328; x_wconf 73' lang='grc'>,</span> <span class='ocrx_word' id='word_1_165' title='bbox 49 2263 108 2346; x_wconf 87' lang='lat' dir='ltr'><strong>quin</strong></span> <span class='ocrx_word' id='word_1_166' title='bbox 119 2266 152 2330; x_wconf 92' lang='lat' dir='ltr'><strong>id</strong></span> <span class='ocrx_word' id='word_1_167' title='bbox 166 2267 254 2352; x_wconf 91' lang='lat' dir='ltr'><strong>quod</strong></span> <span class='ocrx_word' id='word_1_168' title='bbox 268 2268 320 2332; x_wconf 86' lang='lat' dir='ltr'><strong>est</strong></span> <span class='ocrx_word' id='word_1_169' title='bbox 341 2265 543 2332; x_wconf 80' lang='lat' dir='ltr'><strong>immutabile</strong></span> <span class='ocrx_word' id='word_1_170' title='bbox 563 2265 664 2342; x_wconf 86' lang='lat' dir='ltr'><strong>ineo,</strong></span> <span class='ocrx_word' id='word_1_171' title='bbox 686 2267 773 2357; x_wconf 88' lang='lat' dir='ltr'><strong>quod</strong></span> <span class='ocrx_word' id='word_1_172' title='bbox 791 2268 948 2344; x_wconf 78' lang='lat' dir='ltr'><strong>mutatur,</strong></span> <span class='ocrx_word' id='word_1_173' title='bbox 969 2265 1090 2352; x_wconf 86' lang='lat' dir='ltr'><strong>figatur</strong></span> <span class='ocrx_word' id='word_1_174' title='bbox 1110 2269 1144 2332; x_wconf 88' lang='lat' dir='ltr'><strong>et</strong></span> <span class='ocrx_word' id='word_1_175' title='bbox 1162 2287 1239 2332; x_wconf 90' lang='lat' dir='ltr'><strong>oon-</strong></span> 
     </span>
     <span class='ocr_line' id='line_1_21' title="bbox 49 2363 1237 2457; baseline 0.008 -28"><span class='ocrx_word' id='word_1_176' title='bbox 49 2363 134 2434; x_wconf 84' lang='lat' dir='ltr'><strong>sistat.</strong></span> <span class='ocrx_word' id='word_1_177' title='bbox 177 2367 246 2452; x_wconf 83' lang='lat' dir='ltr'><strong>Qui</strong></span> <span class='ocrx_word' id='word_1_178' title='bbox 260 2369 417 2444; x_wconf 89' lang='lat' dir='ltr'><strong>mutatur,</strong></span> <span class='ocrx_word' id='word_1_179' title='bbox 434 2367 602 2434; x_wconf 78' lang='lat' dir='ltr'><strong>seientiam</strong></span> <span class='ocrx_word' id='word_1_180' title='bbox 616 2392 681 2436; x_wconf 90' lang='lat' dir='ltr'><strong>non</strong></span> <span class='ocrx_word' id='word_1_181' title='bbox 695 2369 826 2436; x_wconf 86' lang='lat' dir='ltr'><strong>retinet.</strong></span> <span class='ocrx_word' id='word_1_182' title='bbox 872 2368 938 2436; x_wconf 87' lang='lat' dir='ltr'><strong>Sed</strong></span> <span class='ocrx_word' id='word_1_183' title='bbox 957 2367 1138 2457; x_wconf 86' lang='lat' dir='ltr'><strong>philosophi</strong></span> <span class='ocrx_word' id='word_1_184' title='bbox 1157 2389 1237 2454; x_wconf 59' lang='lat' dir='ltr'><strong>quos</strong></span> 
     </span>
     <span class='ocr_line' id='line_1_22' title="bbox 8 2468 1239 2560; baseline 0.003 -28"><span class='ocrx_word' id='word_1_185' title='bbox 8 2493 10 2532; x_wconf 59' lang='lat' dir='ltr'><strong>z</strong></span> <span class='ocrx_word' id='word_1_186' title='bbox 48 2487 102 2556; x_wconf 90' lang='lat' dir='ltr'><strong>que,</strong></span> <span class='ocrx_word' id='word_1_187' title='bbox 127 2471 283 2548; x_wconf 86' lang='lat' dir='ltr'><strong>virtutes,</strong></span> <span class='ocrx_word' id='word_1_188' title='bbox 310 2468 457 2548; x_wconf 83' lang='lat' dir='ltr'><strong>habitus,</strong></span> <span class='ocrx_word' id='word_1_189' title='bbox 485 2470 716 2560; x_wconf 87' lang='lat' dir='ltr'><strong>dispositiones</strong></span> <span class='ocrx_word' id='word_1_190' title='bbox 741 2493 828 2549; x_wconf 92' lang='lat' dir='ltr'><strong>esse,</strong></span> <span class='ocrx_word' id='word_1_191' title='bbox 856 2470 1073 2538; x_wconf 81' lang='lat' dir='ltr'><strong>exsistimant.</strong></span> <span class='ocrx_word' id='word_1_192' title='bbox 1117 2469 1165 2538; x_wconf 85' lang='lat' dir='ltr'><strong>Et</strong></span> <span class='ocrx_word' id='word_1_193' title='bbox 1189 2473 1239 2536; x_wconf 90' lang='lat' dir='ltr'><strong>est</strong></span> 
     </span>
     <span class='ocr_line' id='line_1_23' title="bbox 46 2565 1334 2663; baseline 0.003 -29"><span class='ocrx_word' id='word_1_194' title='bbox 46 2569 153 2656; x_wconf 88' lang='lat' dir='ltr'><strong>quidem</strong></span> <span class='ocrx_word' id='word_1_195' title='bbox 166 2574 201 2639; x_wconf 89' lang='lat' dir='ltr'><strong>in</strong></span> <span class='ocrx_word' id='word_1_196' title='bbox 219 2573 272 2640; x_wconf 90' lang='lat' dir='ltr'><strong>his</strong></span> <span class='ocrx_word' id='word_1_197' title='bbox 293 2572 476 2662; x_wconf 86' lang='lat' dir='ltr'><strong>permansio</strong></span> <span class='ocrx_word' id='word_1_198' title='bbox 497 2573 665 2663; x_wconf 86' lang='lat' dir='ltr'><strong>quaedam.</strong></span> <span class='ocrx_word' id='word_1_199' title='bbox 710 2565 855 2642; x_wconf 66' lang='lat' dir='ltr'><strong>&#39;Soientie</strong></span> <span class='ocrx_word' id='word_1_200' title='bbox 875 2574 961 2640; x_wconf 89' lang='lat' dir='ltr'><strong>enim</strong></span> <span class='ocrx_word' id='word_1_201' title='bbox 980 2579 1119 2663; x_wconf 85' lang='lat' dir='ltr'><strong>primum</strong></span> <span class='ocrx_word' id='word_1_202' title='bbox 1139 2571 1237 2640; x_wconf 86' lang='lat' dir='ltr'><strong>disci·</strong></span> <span class='ocrx_word' id='word_1_203' title='bbox 1330 2617 1334 2630; x_wconf 78' lang='lat'><em>·</em></span> 
     </span>
     <span class='ocr_line' id='line_1_24' title="bbox 8 2671 1236 2766; baseline 0 -26"><span class='ocrx_word' id='word_1_204' title='bbox 8 2737 9 2740; x_wconf 74' lang='grc'>,</span> <span class='ocrx_word' id='word_1_205' title='bbox 45 2671 98 2751; x_wconf 82' lang='lat' dir='ltr'><strong>tur3</strong></span> <span class='ocrx_word' id='word_1_206' title='bbox 118 2675 313 2754; x_wconf 73' lang='lat' dir='ltr'><strong>attentione,</strong></span> <span class='ocrx_word' id='word_1_207' title='bbox 339 2673 515 2755; x_wconf 79' lang='lat' dir='ltr'><strong>alimento,</strong></span> <span class='ocrx_word' id='word_1_208' title='bbox 534 2677 733 2746; x_wconf 85' lang='lat' dir='ltr'><strong>inoremsnto</strong></span> <span class='ocrx_word' id='word_1_209' title='bbox 763 2699 845 2766; x_wconf 87' lang='lat' dir='ltr'><strong>opus</strong></span> <span class='ocrx_word' id='word_1_210' title='bbox 870 2681 938 2754; x_wconf 81' lang='lat' dir='ltr'><strong>est3</strong></span> <span class='ocrx_word' id='word_1_211' title='bbox 962 2675 1077 2744; x_wconf 86' lang='lat' dir='ltr'><strong>deinde</strong></span> <span class='ocrx_word' id='word_1_212' title='bbox 1103 2675 1236 2742; x_wconf 87' lang='lat' dir='ltr'><strong>assidua</strong></span> 
     </span>
     <span class='ocr_line' id='line_1_25' title="bbox 44 2775 1237 2870; baseline 0.003 -30"><span class='ocrx_word' id='word_1_213' title='bbox 44 2775 231 2870; x_wconf 72' lang='lat' dir='ltr'><strong>peditatione</strong></span> <span class='ocrx_word' id='word_1_214' title='bbox 254 2777 403 2868; x_wconf 74' lang='lat' dir='ltr'><strong>peruenit</strong></span> <span class='ocrx_word' id='word_1_215' title='bbox 429 2778 472 2844; x_wconf 89' lang='lat' dir='ltr'><strong>ad</strong></span> <span class='ocrx_word' id='word_1_216' title='bbox 496 2778 660 2858; x_wconf 85' lang='lat' dir='ltr'><strong>habitum3</strong></span> <span class='ocrx_word' id='word_1_217' title='bbox 693 2779 810 2870; x_wconf 93' lang='lat' dir='ltr'><strong>quodsi</strong></span> <span class='ocrx_word' id='word_1_218' title='bbox 840 2779 883 2844; x_wconf 88' lang='lat' dir='ltr'><strong>ad</strong></span> <span class='ocrx_word' id='word_1_219' title='bbox 912 2778 1059 2846; x_wconf 88' lang='lat' dir='ltr'><strong>habitum</strong></span> <span class='ocrx_word' id='word_1_220' title='bbox 1090 2778 1237 2868; x_wconf 86' lang='lat' dir='ltr'><strong>pervenit</strong></span> 
     </span>
     <span class='ocr_line' id='line_1_26' title="bbox 43 2877 1261 2970; baseline 0.004 -28"><span class='ocrx_word' id='word_1_221' title='bbox 43 2877 205 2961; x_wconf 85' lang='lat' dir='ltr'><strong>nystioum,</strong></span> <span class='ocrx_word' id='word_1_222' title='bbox 220 2883 353 2948; x_wconf 87' lang='lat' dir='ltr'><strong>manet</strong></span> <span class='ocrx_word' id='word_1_223' title='bbox 367 2881 514 2948; x_wconf 81' lang='lat' dir='ltr'><strong>caritate.</strong></span> <span class='ocrx_word' id='word_1_224' title='bbox 557 2881 626 2948; x_wconf 86' lang='lat' dir='ltr'><strong>Neo</strong></span> <span class='ocrx_word' id='word_1_225' title='bbox 640 2905 716 2952; x_wconf 87' lang='lat' dir='ltr'><strong>vero</strong></span> <span class='ocrx_word' id='word_1_226' title='bbox 731 2881 835 2948; x_wconf 87' lang='lat' dir='ltr'><strong>solum</strong></span> <span class='ocrx_word' id='word_1_227' title='bbox 855 2881 993 2970; x_wconf 87' lang='lat' dir='ltr'><strong>primam</strong></span> <span class='ocrx_word' id='word_1_228' title='bbox 1006 2904 1148 2960; x_wconf 87' lang='lat' dir='ltr'><strong>oausam,</strong></span> <span class='ocrx_word' id='word_1_229' title='bbox 1169 2880 1190 2944; x_wconf 92' lang='lat' dir='ltr'><strong>i.</strong></span> <span class='ocrx_word' id='word_1_230' title='bbox 1205 2902 1233 2947; x_wconf 88' lang='lat' dir='ltr'><strong>e.</strong></span> <span class='ocrx_word' id='word_1_231' title='bbox 1260 2899 1261 2903; x_wconf 73' lang='grc'>’</span> 
     </span>
     <span class='ocr_line' id='line_1_27' title="bbox 42 2976 1235 3073; baseline 0.009 -31"><span class='ocrx_word' id='word_1_232' title='bbox 42 2976 126 3061; x_wconf 86' lang='lat' dir='ltr'><strong>deum,</strong></span> <span class='ocrx_word' id='word_1_233' title='bbox 141 2985 188 3051; x_wconf 88' lang='lat' dir='ltr'><strong>ita</strong></span> <span class='ocrx_word' id='word_1_234' title='bbox 202 2982 455 3073; x_wconf 86' lang='lat' dir='ltr'><strong>eomprehendit,</strong></span> <span class='ocrx_word' id='word_1_235' title='bbox 471 2987 510 3048; x_wconf 93' lang='lat' dir='ltr'><strong>ut</strong></span> <span class='ocrx_word' id='word_1_236' title='bbox 523 2989 711 3072; x_wconf 85' lang='lat' dir='ltr'><strong>permaneat</strong></span> <span class='ocrx_word' id='word_1_237' title='bbox 726 2984 864 3061; x_wconf 90' lang='lat' dir='ltr'><strong>stabilis,</strong></span> <span class='ocrx_word' id='word_1_238' title='bbox 879 2983 1022 3048; x_wconf 85' lang='lat' dir='ltr'><strong>rationes</strong></span> <span class='ocrx_word' id='word_1_239' title='bbox 1033 2983 1235 3058; x_wconf 80' lang='lat' dir='ltr'><strong>firmissimas</strong></span> 
     </span>
     <span class='ocr_line' id='line_1_28' title="bbox 42 3081 1235 3168; baseline 0 -18"><span class='ocrx_word' id='word_1_240' title='bbox 42 3087 200 3168; x_wconf 88' lang='lat' dir='ltr'><strong>possidens,</strong></span> <span class='ocrx_word' id='word_1_241' title='bbox 216 3081 390 3156; x_wconf 78' lang='lat' dir='ltr'><strong>sedetiam</strong></span> <span class='ocrx_word' id='word_1_242' title='bbox 405 3085 555 3152; x_wconf 88' lang='lat' dir='ltr'><strong>debonis</strong></span> <span class='ocrx_word' id='word_1_243' title='bbox 571 3089 606 3153; x_wconf 88' lang='lat' dir='ltr'><strong>et</strong></span> <span class='ocrx_word' id='word_1_244' title='bbox 619 3085 713 3162; x_wconf 84' lang='lat' dir='ltr'><strong>melis</strong></span> <span class='ocrx_word' id='word_1_245' title='bbox 730 3085 1058 3152; x_wconf 29' lang='lat' dir='ltr'><strong>stabilitatemshabet</strong></span> <span class='ocrx_word' id='word_1_246' title='bbox 1068 3089 1102 3152; x_wconf 88' lang='lat' dir='ltr'><strong>et</strong></span> <span class='ocrx_word' id='word_1_247' title='bbox 1112 3085 1152 3152; x_wconf 88' lang='lat' dir='ltr'><strong>de</strong></span> <span class='ocrx_word' id='word_1_248' title='bbox 1162 3085 1235 3152; x_wconf 90' lang='lat' dir='ltr'><strong>uni-</strong></span> 
     </span>
     <span class='ocr_line' id='line_1_29' title="bbox 41 3187 1235 3278; baseline -0.001 -22"><span class='ocrx_word' id='word_1_249' title='bbox 41 3204 234 3260; x_wconf 73' lang='lat' dir='ltr'><strong>versonarum</strong></span> <span class='ocrx_word' id='word_1_250' title='bbox 249 3196 326 3257; x_wconf 89' lang='lat' dir='ltr'><strong>ortu</strong></span> <span class='ocrx_word' id='word_1_251' title='bbox 340 3211 379 3255; x_wconf 92' lang='lat' dir='ltr'><strong>ao</strong></span> <span class='ocrx_word' id='word_1_252' title='bbox 393 3188 611 3275; x_wconf 79' lang='lat' dir='ltr'><strong>generatione,</strong></span> <span class='ocrx_word' id='word_1_253' title='bbox 632 3191 677 3265; x_wconf 87' lang='lat' dir='ltr'><strong>et,</strong></span> <span class='ocrx_word' id='word_1_254' title='bbox 698 3190 737 3256; x_wconf 94' lang='lat' dir='ltr'><strong>ut</strong></span> <span class='ocrx_word' id='word_1_255' title='bbox 756 3187 847 3254; x_wconf 86' lang='lat' dir='ltr'><strong>brevi</strong></span> <span class='ocrx_word' id='word_1_256' title='bbox 867 3187 982 3265; x_wconf 88' lang='lat' dir='ltr'><strong>dioam,</strong></span> <span class='ocrx_word' id='word_1_257' title='bbox 1003 3187 1044 3254; x_wconf 83' lang='lat' dir='ltr'><strong>de</strong></span> <span class='ocrx_word' id='word_1_258' title='bbox 1063 3187 1109 3254; x_wconf 88' lang='lat' dir='ltr'><strong>eis</strong></span> <span class='ocrx_word' id='word_1_259' title='bbox 1131 3187 1235 3278; x_wconf 84' lang='lat' dir='ltr'><strong>omni·</strong></span> 
     </span>
     <span class='ocr_line' id='line_1_30' title="bbox 41 3281 1235 3384; baseline 0.001 -27"><span class='ocrx_word' id='word_1_260' title='bbox 41 3281 96 3370; x_wconf 83' lang='lat' dir='ltr'><strong>bus,</strong></span> <span class='ocrx_word' id='word_1_261' title='bbox 110 3317 189 3384; x_wconf 88' lang='lat' dir='ltr'><strong>quas</strong></span> <span class='ocrx_word' id='word_1_262' title='bbox 204 3295 286 3362; x_wconf 85' lang='lat' dir='ltr'><strong>deus</strong></span> <span class='ocrx_word' id='word_1_263' title='bbox 300 3292 430 3359; x_wconf 81' lang='lat' dir='ltr'><strong>loeutus</strong></span> <span class='ocrx_word' id='word_1_264' title='bbox 445 3294 507 3358; x_wconf 89' lang='lat' dir='ltr'><strong>est.</strong></span> <span class='ocrx_word' id='word_1_265' title='bbox 531 3291 822 3358; x_wconf 84' lang='lat' dir='ltr'><strong>Aoouratissimam</strong></span> <span class='ocrx_word' id='word_1_266' title='bbox 837 3313 858 3356; x_wconf 87' lang='lat' dir='ltr'><strong>a</strong></span> <span class='ocrx_word' id='word_1_267' title='bbox 875 3290 987 3362; x_wconf 86' lang='lat' dir='ltr'><strong>mundi</strong></span> <span class='ocrx_word' id='word_1_268' title='bbox 1001 3290 1235 3358; x_wconf 77' lang='lat' dir='ltr'><strong>constitutione</strong></span> 
     </span>
     <span class='ocr_line' id='line_1_31' title="bbox 40 3389 1235 3486; baseline 0 -26"><span class='ocrx_word' id='word_1_269' title='bbox 40 3389 185 3486; x_wconf 69' lang='lat' dir='ltr'><strong>adusque</strong></span> <span class='ocrx_word' id='word_1_270' title='bbox 203 3397 303 3462; x_wconf 89' lang='lat' dir='ltr'><strong>finem</strong></span> <span class='ocrx_word' id='word_1_271' title='bbox 322 3394 437 3486; x_wconf 82' lang='lat' dir='ltr'><strong>didicit</strong></span> <span class='ocrx_word' id='word_1_272' title='bbox 460 3394 631 3462; x_wconf 85' lang='lat' dir='ltr'><strong>veritatem</strong></span> <span class='ocrx_word' id='word_1_273' title='bbox 659 3393 700 3462; x_wconf 87' lang='lat' dir='ltr'><strong>ab</strong></span> <span class='ocrx_word' id='word_1_274' title='bbox 725 3393 799 3482; x_wconf 90' lang='lat' dir='ltr'><strong>ipsa</strong></span> <span class='ocrx_word' id='word_1_275' title='bbox 818 3393 966 3464; x_wconf 90' lang='lat' dir='ltr'><strong>veritate.</strong></span> <span class='ocrx_word' id='word_1_276' title='bbox 1011 3393 1105 3475; x_wconf 84' lang='lat' dir='ltr'><strong>Quae</strong></span> <span class='ocrx_word' id='word_1_277' title='bbox 1125 3396 1235 3460; x_wconf 84' lang='lat' dir='ltr'><strong>eutem</strong></span> 
     </span>
     <span class='ocr_line' id='line_1_32' title="bbox 39 3483 1233 3590; baseline 0.002 -30"><span class='ocrx_word' id='word_1_278' title='bbox 39 3483 180 3564; x_wconf 79' lang='lat' dir='ltr'><strong>Dominus</strong></span> <span class='ocrx_word' id='word_1_279' title='bbox 195 3498 291 3576; x_wconf 84' lang='lat' dir='ltr'><strong>dixit,</strong></span> <span class='ocrx_word' id='word_1_280' title='bbox 313 3519 371 3588; x_wconf 87' lang='lat' dir='ltr'><strong>pro</strong></span> <span class='ocrx_word' id='word_1_281' title='bbox 386 3497 514 3590; x_wconf 64' lang='lat' dir='ltr'><strong>apertis*</strong></span> <span class='ocrx_word' id='word_1_282' title='bbox 530 3499 638 3564; x_wconf 88' lang='lat' dir='ltr'><strong>sumet</strong></span> <span class='ocrx_word' id='word_1_283' title='bbox 657 3499 692 3562; x_wconf 88' lang='lat' dir='ltr'><strong>et</strong></span> <span class='ocrx_word' id='word_1_284' title='bbox 711 3494 904 3574; x_wconf 80' lang='lat' dir='ltr'><strong>manifestis,</strong></span> <span class='ocrx_word' id='word_1_285' title='bbox 925 3495 1072 3586; x_wconf 86' lang='lat' dir='ltr'><strong>quamvis</strong></span> <span class='ocrx_word' id='word_1_286' title='bbox 1092 3496 1163 3562; x_wconf 87' lang='lat' dir='ltr'><strong>aliis</strong></span> <span class='ocrx_word' id='word_1_287' title='bbox 1183 3497 1233 3562; x_wconf 89' lang='lat' dir='ltr'><strong>vi-</strong></span> 
     </span>
     <span class='ocr_line' id='line_1_33' title="bbox 39 3591 1325 3688; baseline 0 -24"><span class='ocrx_word' id='word_1_288' title='bbox 39 3591 158 3668; x_wconf 78' lang='lat' dir='ltr'><strong>deantur</strong></span> <span class='ocrx_word' id='word_1_289' title='bbox 171 3601 322 3668; x_wconf 86' lang='lat' dir='ltr'><strong>obseura.</strong></span> <span class='ocrx_word' id='word_1_290' title='bbox 367 3598 461 3683; x_wconf 82' lang='lat' dir='ltr'><strong>Quae</strong></span> <span class='ocrx_word' id='word_1_291' title='bbox 476 3601 585 3666; x_wconf 87' lang='lat' dir='ltr'><strong>autem</strong></span> <span class='ocrx_word' id='word_1_292' title='bbox 606 3601 685 3666; x_wconf 89' lang='lat' dir='ltr'><strong>sunt</strong></span> <span class='ocrx_word' id='word_1_293' title='bbox 703 3597 791 3688; x_wconf 90' lang='lat' dir='ltr'><strong>apud</strong></span> <span class='ocrx_word' id='word_1_294' title='bbox 808 3621 868 3664; x_wconf 92' lang='lat' dir='ltr'><strong>nos</strong></span> <span class='ocrx_word' id='word_1_295' title='bbox 889 3599 1020 3666; x_wconf 85' lang='lat' dir='ltr'><strong>oracula</strong></span> <span class='ocrx_word' id='word_1_296' title='bbox 1036 3600 1234 3688; x_wconf 86' lang='lat' dir='ltr'><strong>respondent</strong></span> <span class='ocrx_word' id='word_1_297' title='bbox 1319 3639 1325 3655; x_wconf 56' lang='grc' dir='ltr'><em>ι</em></span> 
     </span>
     <span class='ocr_line' id='line_1_34' title="bbox 38 3683 1232 3794; baseline 0.005 -28"><span class='ocrx_word' id='word_1_298' title='bbox 38 3692 68 3762; x_wconf 77' lang='lat' dir='ltr'><strong>(le</strong></span> <span class='ocrx_word' id='word_1_299' title='bbox 80 3700 134 3780; x_wconf 86' lang='lat' dir='ltr'><strong>eis,</strong></span> <span class='ocrx_word' id='word_1_300' title='bbox 150 3709 338 3794; x_wconf 74' lang='lat' dir='ltr'><strong>quaesunt,</strong></span> <span class='ocrx_word' id='word_1_301' title='bbox 352 3708 392 3770; x_wconf 90' lang='lat' dir='ltr'><strong>ut</strong></span> <span class='ocrx_word' id='word_1_302' title='bbox 407 3705 496 3782; x_wconf 91' lang='lat' dir='ltr'><strong>sunt,</strong></span> <span class='ocrx_word' id='word_1_303' title='bbox 512 3702 552 3768; x_wconf 90' lang='lat' dir='ltr'><strong>de</strong></span> <span class='ocrx_word' id='word_1_304' title='bbox 566 3699 697 3779; x_wconf 84' lang='lat' dir='ltr'><strong>futuris,</strong></span> <span class='ocrx_word' id='word_1_305' title='bbox 709 3707 749 3770; x_wconf 87' lang='lat' dir='ltr'><strong>ut</strong></span> <span class='ocrx_word' id='word_1_306' title='bbox 758 3704 865 3780; x_wconf 89' lang='lat' dir='ltr'><strong>eru&#39;nt,</strong></span> <span class='ocrx_word' id='word_1_307' title='bbox 877 3701 917 3768; x_wconf 87' lang='lat' dir='ltr'><strong>de</strong></span> <span class='ocrx_word' id='word_1_308' title='bbox 928 3700 1024 3768; x_wconf 81' lang='lat' dir='ltr'><strong>factis</strong></span> <span class='ocrx_word' id='word_1_309' title='bbox 1039 3707 1078 3768; x_wconf 92' lang='lat' dir='ltr'><strong>ut</strong></span> <span class='ocrx_word' id='word_1_310' title='bbox 1091 3683 1232 3772; x_wconf 81' lang='lat' dir='ltr'><strong>luorhnt.</strong></span> 
     </span>
     <span class='ocr_line' id='line_1_35' title="bbox 37 3794 1232 3894; baseline 0.001 -25"><span class='ocrx_word' id='word_1_311' title='bbox 37 3794 222 3874; x_wconf 76' lang='lat' dir='ltr'><strong>homnibus</strong></span> <span class='ocrx_word' id='word_1_312' title='bbox 237 3808 359 3883; x_wconf 87' lang='lat' dir='ltr'><strong>autem,</strong></span> <span class='ocrx_word' id='word_1_313' title='bbox 382 3827 466 3894; x_wconf 86' lang='lat' dir='ltr'><strong>quae</strong></span> <span class='ocrx_word' id='word_1_314' title='bbox 487 3803 530 3870; x_wconf 88' lang='lat' dir='ltr'><strong>ad</strong></span> <span class='ocrx_word' id='word_1_315' title='bbox 549 3802 719 3872; x_wconf 83' lang='lat' dir='ltr'><strong>seientiam</strong></span> <span class='ocrx_word' id='word_1_316' title='bbox 743 3803 917 3891; x_wconf 85' lang='lat' dir='ltr'><strong>pertinent,</strong></span> <span class='ocrx_word' id='word_1_317' title='bbox 945 3805 1113 3889; x_wconf 82' lang='lat' dir='ltr'><strong>gnostious</strong></span> <span class='ocrx_word' id='word_1_318' title='bbox 1138 3826 1232 3893; x_wconf 89' lang='lat' dir='ltr'><strong>prae-</strong></span> 
     </span>
     <span class='ocr_line' id='line_1_36' title="bbox 37 3897 1232 4000; baseline 0.004 -33"><span class='ocrx_word' id='word_1_319' title='bbox 37 3897 140 3972; x_wconf 83' lang='lat' dir='ltr'><strong>olerum</strong></span> <span class='ocrx_word' id='word_1_320' title='bbox 154 3929 189 3974; x_wconf 84' lang='lat' dir='ltr'><strong>se</strong></span> <span class='ocrx_word' id='word_1_321' title='bbox 204 3911 307 3994; x_wconf 83' lang='lat' dir='ltr'><strong>geret,</strong></span> <span class='ocrx_word' id='word_1_322' title='bbox 324 3907 473 3996; x_wconf 86' lang='lat' dir='ltr'><strong>supernis</strong></span> <span class='ocrx_word' id='word_1_323' title='bbox 487 3908 552 3974; x_wconf 93' lang='lat' dir='ltr'><strong>illis</strong></span> <span class='ocrx_word' id='word_1_324' title='bbox 567 3905 751 3994; x_wconf 76' lang='lat' dir='ltr'><strong>archetypis</strong></span> <span class='ocrx_word' id='word_1_325' title='bbox 767 3906 1009 3973; x_wconf 81' lang='lat' dir='ltr'><strong>convenientem</strong></span> <span class='ocrx_word' id='word_1_326' title='bbox 1024 3927 1116 4000; x_wconf 80' lang='lat' dir='ltr'><strong>suam</strong></span> <span class='ocrx_word' id='word_1_327' title='bbox 1125 3927 1232 3972; x_wconf 85' lang='lat' dir='ltr'><strong>rerum</strong></span> 
     </span>
     <span class='ocr_line' id='line_1_37' title="bbox 35 3997 1342 4110; baseline 0.005 -36"><span class='ocrx_word' id='word_1_328' title='bbox 35 3997 229 4078; x_wconf 76' lang='lat' dir='ltr'><strong>humanarum</strong></span> <span class='ocrx_word' id='word_1_329' title='bbox 243 4009 428 4077; x_wconf 75' lang='lat' dir='ltr'><strong>describens</strong></span> <span class='ocrx_word' id='word_1_330' title='bbox 443 4003 771 4086; x_wconf 74' lang='lat' dir='ltr'><strong>administrationem,</strong></span> <span class='ocrx_word' id='word_1_331' title='bbox 786 4009 1055 4110; x_wconf 66' lang='lat' dir='ltr'><strong>qupmadmodum</strong></span> <span class='ocrx_word' id='word_1_332' title='bbox 1071 4009 1126 4098; x_wconf 90' lang='lat' dir='ltr'><strong>qui</strong></span> <span class='ocrx_word' id='word_1_333' title='bbox 1140 4009 1232 4086; x_wconf 63' lang='lat' dir='ltr'><strong>nevi-&#39;2</strong></span> <span class='ocrx_word' id='word_1_334' title='bbox 1337 4052 1342 4069; x_wconf 68' lang='grc' dir='ltr'><strong><em>ι</em></strong></span> 
     </span>
     <span class='ocr_line' id='line_1_38' title="bbox 35 4109 1232 4199; baseline 0.008 -25"><span class='ocrx_word' id='word_1_335' title='bbox 35 4112 256 4189; x_wconf 65' lang='lat' dir='ltr'><strong>guntheram</strong></span> <span class='ocrx_word' id='word_1_336' title='bbox 281 4113 323 4180; x_wconf 87' lang='lat' dir='ltr'><strong>ed</strong></span> <span class='ocrx_word' id='word_1_337' title='bbox 349 4115 475 4180; x_wconf 81' lang='lat' dir='ltr'><strong>astrum</strong></span> <span class='ocrx_word' id='word_1_338' title='bbox 495 4112 657 4199; x_wconf 85' lang='lat' dir='ltr'><strong>dirigunt;</strong></span> <span class='ocrx_word' id='word_1_339' title='bbox 691 4109 734 4178; x_wconf 88' lang='lat' dir='ltr'><strong>ad</strong></span> <span class='ocrx_word' id='word_1_340' title='bbox 765 4134 892 4178; x_wconf 87' lang='lat' dir='ltr'><strong>omnem</strong></span> <span class='ocrx_word' id='word_1_341' title='bbox 922 4113 1082 4183; x_wconf 81' lang='lat' dir='ltr'><strong>notionem</strong></span> <span class='ocrx_word' id='word_1_342' title='bbox 1112 4113 1232 4184; x_wconf 82' lang='lat' dir='ltr'><strong>bonam</strong></span> 
     </span>
     <span class='ocr_line' id='line_1_39' title="bbox 35 4205 1230 4306; baseline 0.003 -26"><span class='ocrx_word' id='word_1_343' title='bbox 35 4225 144 4301; x_wconf 67' lang='lat' dir='ltr'><strong>temper</strong></span> <span class='ocrx_word' id='word_1_344' title='bbox 155 4205 303 4305; x_wconf 81' lang='lat' dir='ltr'><strong>paratus,</strong></span> <span class='ocrx_word' id='word_1_345' title='bbox 319 4216 428 4282; x_wconf 87' lang='lat' dir='ltr'><strong>omnia</strong></span> <span class='ocrx_word' id='word_1_346' title='bbox 440 4215 554 4304; x_wconf 78' lang='lat' dir='ltr'><strong>gravia</strong></span> <span class='ocrx_word' id='word_1_347' title='bbox 572 4217 608 4284; x_wconf 91' lang='lat' dir='ltr'><strong>et</strong></span> <span class='ocrx_word' id='word_1_348' title='bbox 621 4213 759 4282; x_wconf 88' lang='lat' dir='ltr'><strong>molesta</strong></span> <span class='ocrx_word' id='word_1_349' title='bbox 774 4213 890 4284; x_wconf 88' lang='lat' dir='ltr'><strong>solitus</strong></span> <span class='ocrx_word' id='word_1_350' title='bbox 902 4215 1078 4305; x_wconf 78' lang='lat' dir='ltr'><strong>despicere,</strong></span> <span class='ocrx_word' id='word_1_351' title='bbox 1097 4215 1131 4286; x_wconf 89' lang='lat' dir='ltr'><strong>iu</strong></span> <span class='ocrx_word' id='word_1_352' title='bbox 1146 4216 1230 4306; x_wconf 83' lang='lat' dir='ltr'><strong>vigi-</strong></span> 
     </span>
     <span class='ocr_line' id='line_1_40' title="bbox 32 4304 737 4411; baseline 0.011 -35"><span class='ocrx_word' id='word_1_353' title='bbox 32 4304 75 4378; x_wconf 89' lang='lat' dir='ltr'><strong>liis</strong></span> <span class='ocrx_word' id='word_1_354' title='bbox 87 4319 119 4382; x_wconf 85' lang='lat' dir='ltr'><strong>at</strong></span> <span class='ocrx_word' id='word_1_355' title='bbox 132 4319 251 4387; x_wconf 91' lang='lat' dir='ltr'><strong>somnis</strong></span> <span class='ocrx_word' id='word_1_356' title='bbox 266 4319 418 4411; x_wconf 83' lang='lat' dir='ltr'><strong>providus</strong></span> <span class='ocrx_word' id='word_1_357' title='bbox 434 4341 473 4388; x_wconf 88' lang='lat' dir='ltr'><strong>ao</strong></span> <span class='ocrx_word' id='word_1_358' title='bbox 485 4317 737 4410; x_wconf 78' lang='lat' dir='ltr'><strong>prospieiens1).</strong></span> 
     </span>
    </p>
   </div>
   <div class='ocr_carea' id='block_1_6' title="bbox 33 4498 303 4523">
    <p class='ocr_par' dir='ltr' id='par_1_6' title="bbox 33 4498 303 4523">
     <span class='ocr_line' id='line_1_41' title="bbox 33 4498 303 4523; baseline 0.004 -10"><span class='ocrx_word' id='word_1_359' title='bbox 33 4498 223 4523; x_wconf 35' lang='lat' dir='ltr'><strong>*Q———n</strong></span> <span class='ocrx_word' id='word_1_360' title='bbox 302 4507 303 4514; x_wconf 58' lang='lat' dir='ltr'><strong>t</strong></span> 
     </span>
    </p>
   </div>
   <div class='ocr_carea' id='block_1_7' title="bbox 78 4621 296 4694">
    <p class='ocr_par' dir='ltr' id='par_1_7' title="bbox 78 4621 296 4694">
     <span class='ocr_line' id='line_1_42' title="bbox 78 4621 296 4694; baseline 0.005 -6"><span class='ocrx_word' id='word_1_361' title='bbox 78 4621 101 4688; x_wconf 81' lang='grc' dir='ltr'><strong>ι)</strong></span> <span class='ocrx_word' id='word_1_362' title='bbox 115 4641 139 4694; x_wconf 74' lang='grc' dir='ltr'><strong>ι).</strong></span> <span class='ocrx_word' id='word_1_363' title='bbox 150 4628 296 4690; x_wconf 72' lang='lat' dir='ltr'><strong>tlt-tlt.</strong></span> 
     </span>
    </p>
   </div>
   <div class='ocr_carea' id='block_1_8' title="bbox 0 0 1412 5052">
    <p class='ocr_par' dir='ltr' id='par_1_8' title="bbox 0 0 1412 5052">
     <span class='ocr_line' id='line_1_43' title="bbox 0 0 1412 5052; baseline 0 6"><span class='ocrx_word' id='word_1_364' title='bbox 0 0 1412 5052; x_wconf 95' lang='lat' dir='ltr'><strong> </strong></span> 
     </span>
    </p>
   </div>
  </div>
 </body>
</html>
