2820 5052
733 316 794 382 168

150 501 253 572 vator.
284 503 424 592 Signum
438 502 526 570 certe
539 499 725 592 principalis
738 501 865 591 imperii
879 501 932 570 aot
943 499 1050 590 pileus
1062 500 1164 590 cupiti
1177 499 1353 590 impositum

123 604 128 613 “
151 610 186 673 et
200 605 528 696 alioquiaudivimusz
551 603 604 670 Et
619 601 776 671 Christi
797 611 916 694 caput
937 606 999 672 est
1020 603 1116 671 deus
1139 609 1173 670 et
1187 604 1354 694 pater'Do-

67 731 78 742 ·
151 710 229 776 mini
254 707 360 776 nostri
388 707 472 774 Jesu
497 704 633 773 Christi.
682 705 961 790 Quemadmodum
992 709 1101 775 autem
1126 705 1288 776 Dominus
1312 709 1355 774 est

152 833 251 900 supra
265 809 420 876 mundum
434 809 637 902 universum,
663 811 761 898 atqua
781 805 862 876 adeo
882 809 1159 893 ultra1muudum,
1185 805 1242 898 qui
1261 811 1355 876 mente

151 911 341 1003 percipitur,
356 911 404 978 ita
419 911 517 977 etiam
532 932 659 990 noman,
675 911 762 1002 quod
771 911 965 1000 inscriptum
979 915 1031 978 est
1042 912 1076 978 iu
1087 911 1217 990 lamina,
1234 910 1355 998 dignum

152 1013 216 1081 luit
230 1014 390 1096 habitum,
411 1013 498 1103 quod
512 1016 601 1080 esset
616 999 714 1103 super
727 1037 853 1080 omnem
868 1014 1085 1102 principatum
1106 1016 1141 1078 et
1159 1016 1355 1104 potestatem.

152 1117 352 1205 Inscriptum
367 1117 420 1182 est
430 1118 551 1194 autem,
571 1117 611 1182 ut
626 1115 823 1204 significaret
837 1119 1011 1204 praecepta
1025 1116 1180 1182 mandata
1200 1116 1316 1182 litteris
1330 1117 1356 1182 et

152 1219 370 1310 praesentiam
386 1217 534 1286 sensibus
551 1217 740 1286 subiectam.
768 1219 816 1286 Et
829 1233 951 1286 nomen·
961 1218 1090 1308 quidem
1104 1218 1156 1284 dei
1167 1219 1291 1286 dictum
1304 1221 1355 1294 est,

152 1322 315 1414 quoniam,
331 1321 417 1388 sicut
431 1320 536 1388 Filius
552 1319 693 1408 adspicit
708 1321 886 1388 bonitatem
900 1321 1022 1400 Patris,
1038 1321 1087 1388 ita
1101 1321 1172 1408 agit
1186 1321 1280 1388 Deus
1292 1319 1356 1388 Ser·

153 1429 257 1504 vator,
277 1425 500 1491 universorum
521 1426 657 1490 vocatus
677 1423 888 1512 principium,
914 1424 1000 1513 quod
1015 1446 1056 1492 ex
1070 1424 1130 1490 deo
1145 1423 1293 1512 quidem,
1313 1420 1357 1509 qui

152 1521 253 1594 videri
268 1551 333 1596 non
347 1529 468 1615 potest,
488 1526 597 1613 imago
612 1526 761 1592 affectum
782 1530 835 1594 est
849 1527 987 1615 primum
1002 1529 1036 1592 et
1051 1529 1128 1596 ante
1142 1525 1263 1594 secula.
1287 1525 1355 1592 For·

153 1627 380 1698 mavit'autein
395 1628 512 1708 omnia,
528 1651 610 1719 quae
625 1631 703 1718 post
716 1629 824 1718 ipsuni
838 1629 925 1697 iacta
941 1631 1064 1714 sunt1),

149 1809 154 1815 ,
218 1731 377 1801 Similiter
406 1731 509 1819 igitur
538 1731 697 1821 Aegyptii
721 1733 878 1819 mysteria
902 1733 1039 1820 mystica
1071 1731 1218 1798 tradunt.
1262 1727 1356 1797 Variis

152 1837 239 1904 enim
252 1833 368 1904 bestiis
384 1837 419 1900 et
434 1833 536 1920 signis
552 1833 604 1900 dei
618 1833 764 1901 indicant
778 1835 917 1902 virtutes
933 1837 969 1901 et
986 1835 1163 1902 hominum.
1206 1831 1276 1900 Nec
1294 1850 1356 1908 vero

154 1937 314 2028 Aegyptii
330 1937 444 2014 solum,
462 1935 631 2002 sedetiam
647 1935 702 2002 alii
716 1935 845 2003 barbari
866 1935 1078 2024 symbolicum
1098 1959 1204 2024 genus
1219 1929 1356 2004 aemulati

155 2044 240 2109 sunt
282 2039 495 2106 Idanthuram
504 2041 603 2116 certe,
618 2038 814 2126 Scytharum
825 2061 946 2127 regem,
964 2039 1148 2126 Pherecyde
1162 2037 1261 2126 Syrio
1274 2037 1355 2111 teste,

155 2143 270 2222 Dario,
286 2142 342 2233 qui
352 2142 476 2208 Istrum
487 2141 671 2221 traiecerat,
686 2140 805 2208 bellum
814 2141 1022 2228 minaturum,
1038 2165 1096 2230 pro
1106 2140 1229 2208 litteris
1244 2137 1355 2210 misisse

15 2247 17 2258 '
155 2245 336 2334 symbolum
351 2247 503 2326 narrant,
526 2267 665 2322 murem,
686 2266 812 2320 ranam,
833 2267 940 2324 avem,
956 2244 1111 2322 iaculum,
1134 2247 1290 2314 aratrum.
1326 2237 1355 2306 ld

154 2350 242 2440 quod
256 2351 343 2416 recte
357 2349 593 2438 interpretatus
605 2349 658 2412 est
667 2323 914 2434 Xiphoder'hoc
927 2347 1036 2417 modo:
1052 2347 1116 2414 nisi
1127 2349 1284 2438 tanquam
1294 2361 1355 2408 aves

154 2451 399 2528 evolaverimus,
414 2447 467 2516 vel
478 2454 633 2539 tanquam
647 2471 755 2516 mures
770 2453 902 2529 terram,
918 2450 969 2517 vel
979 2472 1077 2517 ranae
1096 2473 1216 2540 aquam
1229 2441 1355 2526 subieri·

40 2635 43 2643 k
154 2569 244 2629 mns3
267 2553 334 2619 tela
348 2573 459 2618 eorum
473 2573 539 2616 non
553 2551 760 2638 effugiemus3
777 2576 843 2620 non
855 2575 966 2620 sumus
979 2554 1064 2620 enim
1074 2553 1219 2640 regionis
1230 2543 1355 2618 Domini.

154 2658 208 2723 De
227 2655 411 2722 Anacharsi
431 2675 559 2745 quoque
580 2651 727 2740 symbola
749 2655 923 2740 memoriae
948 2659 1077 2746 prodita
1097 2659 1183 2724 suut.
1229 2652 1294 2722 Sed
1306 2644 1355 2737 ipsi

134 2832 141 2841 N
156 2758 275 2827 Graeci
286 2761 320 2825 et
328 2757 511 2848 philosophi
521 2759 555 2822 et
566 2758 682 2848 poetae
690 2757 746 2824 'usi
762 2761 840 2825 sunt
854 2759 1010 2826 eiusmodi
1022 2757 1251 2844 occultatione,
1266 2759 1298 2823 et
1309 2753 1356 2820 hc

156 2862 285 2953 quidem
300 2884 400 2952 quum
411 2860 582 2928 verborum
597 2882 657 2950 ope
672 2862 743 2926 tum
759 2861 972 2948 signorum2).
1017 2861 1130 2929 Genus
1152 2864 1264 2927 autem
1284 2879 1355 2946 sym·

155 2965 277 3034 bolicae
291 2963 570 3054 interpretationis
586 2963 628 3029 ad
642 2963 746 3030 multa
760 2969 812 3030 est
826 2965 1046 3046 utilissimum,
1075 2967 1114 3032 ut
1133 2965 1224 3055 quod
1242 2965 1276 3030 et
1294 2981 1355 3027 ocn-

155 3069 241 3138 ierat
251 3067 293 3135 ad
303 3070 426 3134 rectam
437 3065 644 3154 theologiam,
659 3069 693 3132 et
702 3067 743 3132 ad
756 3067 921 3156 pietatem,
937 3071 972 3134 et
983 3068 1026 3134 ad
1036 3066 1241 3134 iudicandam
1253 3057 1354 3151 ingenii

157 3171 331 3250 solertiam,
346 3172 381 3236 et
395 3169 437 3236 ad
452 3169 622 3237 brevitatis
637 3171 910 3250 exercitationem,
932 3173 967 3238 et
985 3170 1027 3236 ad
1049 3169 1244 3258 sapientiam
1262 3169 1354 3236 osten·

156 3275 303 3341 dendam.
348 3271 567 3356 Quamobrem
581 3273 730 3362 apposite
745 3274 826 3340 dicit
840 3273 1003 3360 Didymus
1020 3272 1278 3364 Grammaticus:
1298 3269 1354 3336 Sa·

84 3418 89 3434 ι
156 3377 310 3466 pientis
338 3397 421 3442 esse
456 3375 634 3442 dictione
662 3375 882 3463 symbolica
908 3375 973 3442 uti
1005 3378 1046 3442 et
1077 3368 1354 3466 declararetis

158 3479 264 3567 quod
278 3477 413 3546 eadem
429 3476 700 3564 significatur.
744 3477 814 3544 lam
829 3500 1003 3567 puerorum
1019 3477 1181 3558 doctrina,
1203 3493 1354 3570 quaever·

158 3586 250 3651 satur
264 3581 299 3648 in
314 3579 492 3658 elementis,
513 3579 738 3668 complectitur
752 3584 908 3671 quattuor
927 3581 1157 3647 elementorum
1176 3578 1354 3669 interpreta-

156 3687 289 3764 tionem,
304 3688 344 3752 ut
358 3705 398 3750 ex
412 3683 518 3772 poetis
540 3685 575 3748 et
588 3682 661 3750 aliis
678 3682 888 3772 scriptoribus
910 3683 1113 3750 abundanter
1131 3687 1242 3774 potest
1260 3679 1353 3763 dicii)-

157 3789 225 3858 Sed
243 3785 490 3856 innumerabilia
508 3777 709 3852 inveniemus
729 3787 797 3851 tam
818 3785 905 3874 apud
925 3785 1148 3877 philosophos,
1171 3809 1266 3876 quam
1283 3773 1353 3870 apud

70 3909 72 3914 ’
156 3895 270 3982 poetas
286 3890 375 3958 dicta
394 3911 452 3979 per
476 3889 678 3977 aenigmata,
707 3886 865 3978 siquidem
884 3889 948 3966 toti
969 3889 1043 3954 libri
1061 3889 1208 3959 iudicant
1226 3884 1352 3953 abditam

159 3992 327 4083 scriptoris
344 3991 561 4072 voluntatem,
583 3991 763 4058 cuiusmodi
778 3993 831 4056 est
844 3990 926 4058 liber
940 3991 1098 4058 Heracliti
1114 3992 1153 4058 de
1167 3993 1291 4066 natura,
1309 3977 1352 4070 qui

159 4095 259 4166 etiam
274 4097 446 4183 propterea
460 4095 643 4184 appellatus
658 4096 710 4160 est
724 4093 893 4160 obscurus.
936 4095 1024 4161 Huic
1040 4097 1150 4160 autem
1164 4093 1246 4161 libro
1256 4080 1351 4157 similis

157 4201 210 4268 est
229 4219 357 4289 quoque
376 4195 573 4287 Pherecydis
593 4195 682 4286 Syrii
700 4195 876 4284 theologia.
911 4195 1098 4288 Euphorion
1118 4197 1203 4266 enim
1223 4193 1310 4286 poeta
1325 4182 1352 4249 tl

212 4455 237 4521 ¹)
254 4471 280 4520 p.
294 4441 457 4508 ool-ovo<

212 4543 238 4607 ¹)
255 4541 312 4593 Hoc
323 4539 425 4604 quidem
436 4535 523 4588 multis
535 4537 659 4604 exemplis
670 4536 821 4594 illustratur.

213 4626 238 4694 ³)
256 4627 454 4681 Demonstratur
464 4625 492 4678 iu
503 4625 581 4678 etiam
593 4624 675 4678 multa
687 4625 775 4678 addita
787 4625 933 4680 eruditione.
