2830 5052
740 291 803 357 130

165 477 275 546 labore
289 445 388 565 atque
403 476 589 566 voluptate.¹
624 443 692 560 Qui
705 501 797 558 usus,
812 486 910 568 quum
925 475 968 544 ab
986 438 1082 544 initio
1094 472 1360 544 mullaimbseilli·

164 585 235 648 tate
248 581 332 648 male
348 581 449 647 simus
464 580 583 658 affecti,
598 579 686 646 haud
704 581 768 647 erit
781 579 897 650 facilis.
940 579 1005 646 Eiet
1018 581 1187 668 praeterea
1201 577 1291 646 nobis
1304 576 1360 644 lue·

163 683 247 750 tatio
268 705 342 751 cum
357 681 583 758 Potestatibus
605 683 817 772 spiritalibus,
843 682 995 770 aquibus
1012 685 1100 760 sunt,
1126 681 1182 768 qui
1195 679 1359 760 vincantur.

164 785 338 872 Quotquot
352 788 461 852 autem
476 783 592 853 fortius
607 789 771 854 certamen
782 785 930 874 aggressi
945 785 1031 852 omni
1045 784 1251 852 contentione
1267 784 1361 850 decer·

162 891 253 956 tant:
275 887 308 954 hi
323 887 470 975 quidem,
497 885 724 956 Potestntibus
745 887 810 956 illis
829 890 865 954 in
889 888 992 956 multo
1013 887 1130 956 sudore
1149 890 1249 974 atque
1267 907 1362 954 cruore

163 990 388 1058 deficientibus
416 989 620 1077 victoresque
645 990 897 1070 admirantibus,
931 978 974 1056 all
998 1011 1148 1058 coronam
1176 989 1362 1078 perveniunt

161 1093 239 1162 dam
254 1117 354 1183 quum
368 1092 463 1160 homo
482 1113 548 1160 non
559 1093 674 1177 ‚solum
696 1093 782 1160 siout
801 1093 899 1162 bruta
922 1091 1074 1160 animalia
1091 1113 1200 1158 mrum
1218 1089 1361 1178 imagines

160 1195 269 1284 possit
278 1195 441 1283 effingere,
456 1195 614 1283 (Begriffe
624 1195 758 1279 bilden),
773 1201 885 1264 veiam
896 1195 995 1262 etiam
1009 1193 1145 1263 rationis
1159 1193 1204 1262 sit
1214 1195 1361 1282 particeps

160 1298 506 1386 (ldeen·Vermdgen)=
526 1299 657 1366 minime
676 1299 787 1365 eodem
809 1299 904 1366 modo
918 1297 1041 1386 impelli
1053 1295 1167 1376 debet,
1192 1299 1291 1387 atque
1305 1294 1362 1360 ani·

12 1424 15 1438 ’
159 1402 284 1468 mantia
302 1400 428 1468 ratione
448 1401 603 1480 carentia,
632 1401 692 1468 sed
715 1401 878 1470 discernat
898 1403 1028 1490 oportet
1046 1421 1124 1468 vera
1151 1397 1239 1466 bona
1258 1397 1297 1466 ab
1308 1397 1361 1474 eis,

129 1567 133 1584 ,
159 1525 242 1593 quae
258 1503 415 1572 bonorum
431 1503 570 1594 speciem
585 1507 713 1572 tantum
729 1508 855 1593 gerunt
886 1501 1060 1586 Quodnisi
1075 1500 1203 1568 fecerit:
1225 1525 1246 1567 a
1259 1499 1362 1567 Potes·

154 1605 284 1674 tatibus
299 1607 364 1674 illis
384 1608 550 1674 inescatus
572 1606 722 1672 servituti
742 1629 853 1674 earum
873 1605 1060 1684 subiicitur,
1090 1627 1229 1696 quarum
1250 1622 1361 1694 quoque

156 1706 331 1794 imaginem
345 1709 498 1796 deinceps
513 1708 708 1792 circumfert.
732 1707 892 1792 'Quamvis
902 1730 978 1776 vero
990 1707 1133 1798 Spiritus
1144 1705 1222 1774 mali
1232 1703 1362 1773 homines

157 1809 302 1876 inescare
324 1811 479 1878 studeant
498 1810 704 1899 voluptatum
719 1809 916 1899 imaginibus
936 1811 1168 1900 proponendis:
1190 1807 1250 1876 illa
1268 1803 1362 1874 temen
1404 1871 1405 1888 ,

156 1909 312 1980 Basilidis
334 1917 574 2001 προσαρτήματα
585 1912 715 1979 minime
731 1918 871 1998 tuemur,
890 1918 929 1980 ut
942 1912 1068 1980 animus
1083 1913 1242 2006 plurimos
1256 1909 1362 1978 habeat

157 2014 352 2102 appendices
368 2014 503 2103 spiritus
526 2016 633 2105 quoad
654 2017 830 2084 essentiam
849 2037 958 2082 secum
979 2014 1114 2082 coalitos
1134 2013 1361 2101 multarumque

155 2114 350 2196 bestiarum,
380 2119 460 2208 quin
485 2118 584 2186 etiam
610 2119 796 2208 plantarum
819 2122 953 2186 natiuae
978 2118 1127 2186 adnotes.
1153 2111 1384 2184 'Huiusmos

155 2219 241 2286 enim
256 2219 351 2288 homo
366 2219 475 2298 Durii,
491 2221 547 2308 qui
561 2221 658 2288 estin
671 2221 801 2301 fabulis,
817 2222 892 2311 equi
908 2219 1150 2288 similitudinem
1164 2239 1246 2306 prae
1261 2239 1296 2284 se
1309 2215 1360 2282 ier·

156 2323 218 2400 ret,
241 2323 281 2386 ut
294 2321 350 2410 qui
363 2321 399 2387 in
412 2343 477 2414 pne
492 2343 626 2410 corpore
645 2326 698 2390 tot
713 2324 911 2392 diversorum
926 2322 1100 2412 spirituum
1120 2319 1300 2386 exercitum
1314 2317 1360 2382 ha·

154 2420 233 2488 beat
246 2423 416 2490 inclusum.
459 2423 528 2492 Nee
541 2447 637 2512 porro
651 2425 759 2514 opinio
774 2425 839 2504 illa,
861 2429 901 2492 ut
914 2424 966 2490 vel
984 2425 1088 2514 ipsius
1109 2421 1268 2490 Basilidis
1288 2419 1360 2488 filius

154 2522 301 2591 Isidorus
316 2528 436 2604 monet,
452 2547 525 2592 cum
536 2526 675 2594 hominis
691 2527 791 2594 libero
811 2525 963 2594 convenit
982 2525 1126 2592 arbitrio.
1171 2523 1240 2592 Sed
1253 2523 1359 2593 Valen-

154 2625 244 2692 tinus
259 2627 299 2694 de
313 2626 500 2694 libidinibus
517 2628 634 2694 similia
644 2629 748 2712 docet,
764 2651 846 2717 quae
861 2651 899 2696 eo
911 2629 1071 2718 spectant,
1086 2629 1126 2694 ut
1135 2625 1233 2694 homo
1244 2629 1360 2700 natura,

153 2749 219 2797 non
229 2727 431 2796 obedientiae
446 2731 654 2798 conversione
670 2731 807 2798 salutem
823 2731 1046 2820 consequatur.
1090 2727 1360 2812 Quemadmodum

153 2829 239 2896 enim
253 2829 474 2898 exhalationes
489 2855 588 2919 quum
602 2855 620 2900 e
634 2836 731 2911 terra,
746 2835 817 2899 tum
832 2855 850 2900 e
864 2829 1037 2921 paludibus
1052 2832 1144 2896 ortae
1153 2831 1189 2896 in
1199 2829 1360 2918 caliginem

153 2931 345 3019 nimbosque
368 2933 620 3020 conglobantur:
652 2935 701 3002 ita
720 2935 825 3003 carnis
848 2955 976 3022 quoque
994 2933 1213 3024 cupiditatum
1233 2949 1360 3022 vapores
1405 2967 1406 2980 κ

151 3035 237 3102 malo
251 3036 394 3104 animum
411 3035 560 3104 afficiunt
579 3036 711 3116 habitu,
733 3035 912 3136 voluptatis
932 3035 1091 3124 imagines
1111 3023 1257 3122 undique
1277 3055 1360 3124 spar-

150 3139 279 3225 gentes.
324 3139 390 3206 Sed
404 3140 564 3229 quomodo
577 3139 643 3228 ipsi
650 3138 783 3206 Diaboli
794 3138 998 3228 operationes
1014 3136 1214 3225 spiritusque
1229 3140 1359 3206 immun·

151 3239 211 3306 dos
225 3239 260 3306 in
273 3242 453 3328 peccatoris
464 3235 608 3310 animum
619 3263 724 3308 serere
736 3242 892 3328 dieamus,
907 3237 1076 3334 Barnabae
1087 3239 1301 3330 Apostolicus
1315 3235 1360 3303 ills

151 3341 298 3430 explicet.
342 3344 564 3430 „Antequam
578 3344 695 3430 inquit,
710 3344 771 3412 deo
785 3342 995 3424 credidimus,
1014 3345 1128 3412 nostra
1147 3341 1255 3410 cordis
1276 3337 1360 3406 habi·

148 3443 234 3530 tatio
248 3445 395 3512 mortalis
414 3449 486 3512 eret
505 3450 539 3514 et
556 3445 732 3525 imbecilla,
759 3467 835 3514 vere
853 3443 1010 3536 templum
1028 3465 1127 3514 manu
1149 3445 1360 3517 aedificatum,

149 3550 265 3636 utpote
279 3547 410 3635 plenum
424 3547 582 3625 idolorum
597 3548 715 3626 cultus,
730 3551 775 3626 et,
790 3571 890 3636 quum
905 3547 1013 3616 omnia
1027 3547 1087 3617 deo
1102 3548 1267 3626 contraria
1280 3547 1359 3612 face-

54 3697 59 3706 ·
148 3654 211 3729 ret,
226 3651 341 3717 domus
357 3649 596 3719 Daemonum.“
640 3647 752 3738 Opera
771 3671 848 3737 ergo
862 3649 1073 3720 daemonibus
1092 3645 1359 3718 convenientiam

147 3755 317 3841 peccatore
333 3756 421 3832 sunt,
436 3777 501 3820 non
520 3753 585 3841 ipsi
600 3751 755 3840 Spiritus.
797 3751 914 3839 Itaque
928 3751 1097 3822 Barnabas
1117 3751 1268 3820 similiter
1286 3745 1359 3816 dicit

146 3859 276 3924 eontra:
296 3856 360 3934 „In
379 3859 493 3924 nostra
511 3843 714 3922 habitatione
732 3877 807 3922 vere
825 3855 935 3934 Deus3
964 3853 1108 3934 habitat3
1130 3853 1261 3922 habitat
1279 3849 1358 3919 enim

146 3957 381 4044 quodammodo
396 3959 483 4046 apud
497 3981 557 4026 nos
572 3957 717 4026 Verbdm
730 3956 800 4024 eius
811 3958 897 4038 fidei,
911 3957 1039 4028 vocatio
1049 3956 1118 4026 eius
1127 3953 1357 4046 promissionis,

137 4061 309 4149 sapientia
320 4060 524 4140 iudiciorum,
539 4060 692 4128 mandata
705 4059 906 4128 doctrinae.“

211 4163 288 4230 Seio
298 4165 419 4242 autem,
431 4185 504 4246 esse
514 4162 703 4242 haereticos,
716 4163 772 4252 qui
781 4163 982 4252 voluptatem
992 4161 1160 4252 voluptate
1171 4157 1356 4233 vincemam

144 4285 218 4334 esse
232 4264 396 4344 dictitent,
412 4267 498 4352 quod
512 4287 608 4334 carne
624 4264 716 4332 abuti
730 4268 858 4332 vocant.
903 4263 971 4334 Sed
984 4267 1035 4334 vir
1048 4265 1103 4334 ille
1117 4264 1249 4344 nobilis,
1264 4281 1355 4350 quem

144 4390 180 4434 se
196 4371 287 4458 sequi
301 4369 424 4448 dicunt,
439 4365 592 4436 Nicolaus
607 4365 829 4456 voluptatibus
849 4367 996 4436 arcendis
1017 4367 1123 4436 carnis
1142 4365 1355 4458 appetitiones

142 4469 346 4540 infirmentur
368 4475 518 4564 oportere
539 4470 665 4549 docuit3
694 4472 826 4538 atvero
844 4469 892 4536 illi
911 4469 1091 4539 bestiarum
1108 4471 1214 4539 instar
1232 4465 1354 4538 vivunt·

142 4571 306 4665 Voluptas
320 4597 486 4670 nunquam
499 4577 635 4666 propter
648 4573 856 4664 semetipsam
871 4574 1055 4662 quaerenda
1073 4577 1145 4656 est,
1165 4575 1207 4672 nt
1219 4588 1303 4675 Quae
1314 4565 1354 4636 sd
