2820 5052
708 347 771 414 160

133 541 259 604 vocent.
294 531 404 618 Quare
420 534 559 622 suscipit
573 533 650 601 haec
663 534 824 601 habitatio
837 530 1054 598 animam'deo
1068 529 1354 620 pretiosissimam,

133 641 167 706 et
182 638 308 726 Spiritu
324 641 436 704 sancto
452 635 551 724 digna
565 639 716 703 censetur
729 661 787 726 per
802 637 928 704 animae
946 636 982 699 et
1000 631 1143 720 corporis
1165 632 1356 698 sanctifica-

132 742 270 818 tionem,
300 743 446 826 atquae
476 739 658 806 Servatoris
687 738 892 826 perfectione
912 729 1108 823 perficiatur.
1158 735 1355 816 Quinetiam

69 908 72 918 f
132 848 245 908 mutua
260 842 359 907 trium
374 842 532 906 virtutum
548 841 777 928 consequentia
798 838 962 912 invenitur
981 837 1016 902 in
1036 837 1164 903 homine
1184 838 1356 923 gnostico„

132 944 188 1030 qui
202 943 376 1021 moraliter,
392 943 593 1020 naturaliter,
609 943 723 1028 logice,
740 942 825 1028 quod
845 941 888 1006 ad
910 941 1006 1006 deum
1027 941 1164 1018 attinet,
1184 945 1354 1010 uersatur.

132 1045 225 1126 Quae
252 1045 391 1111 virtutes
414 1046 507 1110 sunt:
530 1043 705 1134 sapientia,
731 1065 837 1108 rerum
864 1041 1045 1108 munaum
1065 1041 1357 1129 ,humanarumque

132 1148 284 1224 scientia;
306 1148 443 1225 iustitia,
459 1148 600 1234 partium
617 1149 742 1216 animae
760 1149 951 1221 concentum
976 1145 1145 1221 sanctitas,
1161 1145 1213 1210 dei
1225 1145 1354 1212 cultus.

131 1250 198 1316 Sed
213 1249 240 1315 si
256 1273 281 1314 s.
298 1249 459 1338 scriptura
472 1249 512 1314 de
527 1251 709 1316 hominibus
722 1247 904 1314 carnalibus
919 1246 1078 1332 loquitur,
1088 1245 1122 1310 hi
1136 1247 1268 1331 quidem
1283 1271 1356 1314 non

131 1356 221 1430 sunt,
234 1353 289 1438 qui
305 1373 420 1439 corpus
437 1355 640 1430 conservant,
658 1351 714 1417 sed
729 1351 784 1436 qui
799 1349 991 1438 inpeccatis
1006 1348 1206 1422 volutantur.
1243 1349 1355 1416 Prae-

131 1455 319 1521 stantiorem
336 1453 464 1538 quidem
479 1453 616 1520 hominis
632 1457 759 1542 partem
773 1454 913 1518 animam
927 1466 1010 1527 esse',
1028 1451 1220 1518 deteriorem
1234 1457 1354 1520 autem

132 1550 259 1646 eorpus,
276 1560 416 1622 constat.
450 1554 480 1618 N
482 1579 517 1621 ec
533 1577 608 1622 vero
623 1556 729 1620 anima
744 1555 864 1621 bonum
878 1556 931 1619 est
952 1555 1080 1631 natura,
1102 1575 1206 1640 neque
1226 1577 1354 1643 corpus

128 1664 246 1728 natura
277 1658 406 1722 malum.
456 1657 508 1724 ΕΚ
534 1657 680 1740 diversis¹
694 1657 854 1724 consistit·
876 1655 987 1734 homo,
1004 1679 1075 1750 'non
1090 1658 1353 1726 ,enccntrariia

130 1763 266 1847 Semper
281 1782 358 1846 ergo
372 1759 476 1824 honae
492 1757 646 1836 actiones,
662 1763 701 1824 ut
715 1757 1114 1835 meliores,'attribuuntur
1129 1759 1170 1837 si,
1190 1758 1282 1844 quod
1298 1765 1356 1826 est

123 1862 364 1952 praestantius,
382 1862 510 1948 spiritui
525 1861 710 1949 principali3
733 1856 935 1954 volirptariae
948 1863 1104 1926 autemst
1116 1860 1294 1948 peccantes
1311 1863 1353 1938 ei,

128 1965 215 2052 quod
230 1967 282 2029 est
295 1964 448 2041 deterius,
466 1964 594 2052 spiritui
609 1965 765 2052 peccanti.
799 1963 876 2030 Jam
890 1977 968 2027 vero
983 1962 1138 2049 sapientis
1154 1967 1190 2028 et
1203 1964 1352 2050 gnostici

127 2068 243 2144 anima,
259 2069 394 2151 utquae
408 2065 442 2130 in
457 2088 589 2154 corpore
600 2067 833 2154 peregrinetur,
848 2066 909 2131 hoo
920 2064 1059 2151 quidem,
1074 2065 1197 2130 nullam
1211 2065 1351 2132 nimiam

127 2170 329 2236 affectionem
344 2191 486 2254 unquam
502 2169 688 2247 admittens,
705 2179 814 2236 severe
828 2169 934 2234 utitu'r
946 2169 980 2232 et
990 2170 1136 2244 austere3
1155 2189 1219 2232 »nec
1232 2169 1351 2234 tamen

126 2272 199 2337 ideo
213 2271 384 2359 peregrina
399 2271 646 2353 diciturenim,
663 2271 756 2357 quasi
766 2274 884 2336 natura
896 2269 941 2335 sit
954 2269 1168 2355 ὑπέρκόυμιος,
1183 2269 1234 2334 uti
1246 2269 1350 2334 Basi-

126 2373 186 2438 lidi·
205 2373 327 2459 placet3
350 2395 489 2458 namque
509 2373 606 2438 unius
626 2373 677 2438 dei
699 2378 777 2440 sunt
795 2373 912 2450 omnia,
934 2375 968 2437 et
987 2372 1066 2438 haec
1081 2371 1211 2457 quidem
1224 2375 1350 2439 natura

31 2511 35 2516 ·
125 2498 190 2540 una
219 2477 296 2538 sunt
322 2475 464 2539 essentia
491 2473 612 2560 (quoad
638 2477 863 2555 creationem),
888 2497 973 2540 unus
999 2477 1110 2538 atatem
1134 2473 1214 2540 deus
1240 2473 1348 2555 (solus
1377 2499 1383 2516 ·

127 2577 359 2663 ὑπερκόσμιος).
384 2567 449 2641 Sed
464 2578 586 2641 electus
604 2577 705 2642 vitam
722 2578 796 2664 agit
813 2581 1000 2662 tanquam
1015 2575 1144 2664 hospes,
1160 2576 1196 2642 et
1209 2599 1349 2664 corpore

125 2678 215 2745 velut
230 2677 460 2744 deversorio'in
475 2679 528 2744 via
542 2680 662 2758 utitur3
685 2683 721 2745 et
733 2679 966 2747 habitationem
985 2681 1095 2744 autem
1109 2681 1144 2745 et
1157 2680 1344 2767 possessio-

124 2804 198 2848 nem
218 2784 253 2846 et
275 2803 371 2846 usum
389 2780 501 2846 statim
514 2781 677 2868 relinquit,
691 2781 982 2871 promptoetalacri
989 2783 1096 2848 animo
1104 2803 1344 2867 eumsequens,

124 2885 180 2970 qui
195 2883 295 2950 evita
311 2883 452 2962 abducit,
468 2884 508 2950 de
521 2885 725 2952 habitatione
737 2885 865 2971 quidem
880 2885 1005 2972 gratias
1015 2875 1128 2972 agens,
1144 2885 1342 2952 benedicens

46 3051 63 3067 ,
123 2991 234 3052 autem
247 2989 380 3074 propter
395 2987 528 3067 exitum,
545 2989 933 3106 coelestemamplectens·
949 2990 1158 3054 mansionem.
1203 2986 1340 3074 Magis

122 3091 224 3166 enim,
251 3091 299 3154 ait
329 3090 527 3178 Apostolus,
561 3091 740 3158 volumus
774 3091 1027 3179 peregrinari
1056 3113 1076 3156 a
1103 3112 1271 3177 corpore
1301 3095 1343 3157 et

122 3193 226 3278 apud
247 3193 359 3258 deum
381 3215 545 3258 versari
589 3193 659 3258 Imo
679 3193 768 3260 hoc
754 3217 866 3288 speum
891 3193 1030 3283 probant
1056 3194 1181 3280 poetae
1222 3192 1342 3279 Neque

121 3293 224 3378 igitur
237 3293 300 3358 huo
316 3293 355 3359 de
370 3295 466 3360 coelis
482 3297 589 3360 anima
605 3281 646 3360 ad
667 3317 715 3372 ea,
737 3317 820 3382 quae
842 3299 919 3362 sunt
938 3295 1114 3372 deteriora,
1135 3293 1339 3374 demittitur3

31 3389 35 3396 ’
122 3395 210 3462 deus
217 3396 302 3460 enim
317 3395 424 3460 omnia
439 3397 509 3482 agit
495 3397 562 3462 ad
572 3397 719 3475 mehora
737 3398 794 3464 sed
804 3421 853 3475 ea
866 3419 948 3483 quae
960 3399 1061 3476 vitam
1073 3395 1172 3483 elegit
1178 3397 1340 3484 optimam

1 3528 3 3539 ·
121 3519 162 3562 ex
173 3496 278 3560 deos
263 3497 426 3576 tinstitia,
439 3521 513 3563 eum
524 3503 611 3563 terra
622 3500 941 3565 commutatooelum.
963 3499 1056 3564 Deus
1064 3498 1339 3567 etramutveterrs

121 3598 324 3684 Testamenti
345 3604 457 3666 auctor
477 3623 496 3664 a
516 3599 908 3688 prophetispraedicatur
931 3603 1138 3689 omnipotens
1158 3596 1338 3681 achonus,

121 3701 176 3788 qui
190 3701 291 3767 nihil
305 3701 404 3769 iacit
419 3703 643 3779 absurdum3
666 3708 825 3770 nonest
846 3704 948 3771 enim
966 3703 1074 3792 apud
1096 3705 1207 3770 deum
1221 3703 1338 3781 ,iniu-

121 3804 250 3872 stitia
293 3805 402 3870 Deum
429 3805 532 3892 igitur
555 3805 677 3871 imitari
697 3809 827 3894 oportet
846 3807 1059 3893 gnosticum
1086 3806 1198 3889 Quare
1218 3808 1337 3894 poetae

85 3965 97 3988 .,
119 3907 218 3974 etiam
242 3907 321 3972 mihi
347 3907 476 3994 quidem
501 3907 652 3974 videntur
677 3909 796 3976 electos
822 3909 999 3998 appellare:
1034 3909 1267 3987 deiformes,
1297 3913 1343 3984 et¹

119 4010 223 4086 dios,
246 4013 285 4075 ct
306 4010 378 4076 deo
401 4010 605 4096 aequales,
628 4013 668 4077 et
683 4011 852 4078 oonsilio
867 4011 891 4078 J
898 4011 960 4078 ovi
980 4033 1098 4100 par-es
1115 4014 1335 4096 etquorum

120 4111 267 4178 similis
290 4112 511 4200 prudentia
532 4113 652 4192 divis,
675 4115 799 4181 etdeo
815 4113 981 4194 similes,
1006 4111 1103 4182 illud:
1123 4115 1170 4180 ad
1191 4113 1335 4202 imagi-

118 4237 207 4280 nem
229 4215 269 4296 et
291 4213 613 4294 similitudinem,
637 4239 731 4302 quaer
721 4217 943 4284 arrodentes.

184 4315 257 4403 Ego
273 4319 381 4386 autem
397 4315 520 4384 Christ
496 4321 522 4383 tr
539 4318 688 4406 spiritum
703 4321 881 4398 oraverim,
892 4317 933 4385 ut¹
942 4337 1002 4388 me
1009 4321 1044 4386 in
1057 4339 1130 4387 mea
1149 4293 1334 4387 evolantem

118 4417 219 4485 faciat
219 4419 469 4536 'Hierosolyma
513 4419 640 4488 Dicunt
659 4427 745 4495 enim
771 4419 883 4490 Stoici
878 4441 1031 4511 qaoque,
1049 4419 1180 4500 caelum
1199 4423 1332 4513 quidem

118 4521 247 4610 proprie
261 4522 522 4600 essecivitatem,
543 4545 626 4613 quae
646 4525 827 4592 autemhic
848 4522 944 4593 sint
933 4521 1089 4605 interra·
1101 4545 1244 4594 aaaron
1257 4547 1351 4594 essev

119 4623 280 4695 suiuus.
322 4625 389 4696 Res
403 4627 489 4695 enim
502 4626 588 4698 bona
603 4629 657 4696 est
675 4627 812 4710 civitas,
828 4631 872 4697 et
881 4629 1027 4720 populus*
1043 4627 1193 4700 urbanus·
1207 4623 1330 4721 aliquis
