2830 5054
637 301 679 368 95

66 493 231 563 denisium
242 491 433 583 &pensata
446 507 520 556 esse
540 488 681 575 oportet,
701 506 784 576 quae
798 481 893 552 nobis
914 483 1070 572 procedet
1087 485 1264 566 secundum

65 598 250 686 praeclaram
263 618 302 663 ac
315 591 530 664 venerandam
545 588 730 656 traditionis
744 585 890 674 regulam
911 585 953 654 ab
967 589 1042 659 ortu
1060 588 1173 656 mundi
1187 610 1263 676 pro·

65 699 285 788 gredientihus,
300 693 484 764 necessario
498 691 628 783 quidem
642 690 733 780 princ
749 711 798 768 ea,
814 703 896 778 qnae
909 711 950 757 ex
964 689 1105 756 naturali
1120 694 1263 758 contem

64 803 194 891 plations
213 797 386 868 ermanus
405 798 498 890 sunt,
525 795 559 862 in
578 793 721 862 medium
738 790 920 879 proferens,
948 792 996 860 rei
1020 795 1130 860 summ
1149 814 1263 860 eonse-

65 905 205 994 quentiae
223 897 501 986 obstantiaprius
520 895 657 973 diluens,
677 900 726 973 ut,
745 893 837 982 prius
857 893 987 986 quidem
1006 897 1104 974 terra,
1123 893 1264 982 agricul-

64 1011 143 1076 turae
170 1006 249 1085 ritu,
269 1007 340 1072 eta
360 1000 464 1090 spinis
483 1001 520 1066 et
538 997 580 1067 ab
601 997 689 1065 omni
712 996 813 1064 herba
833 998 876 1064 ad
901 995 1111 1086 plantandam
1136 997 1264 1064 vineam

62 1111 209 1199 purgata,
235 1127 329 1176 aures
355 1104 399 1172 ad
424 1100 664 1188 suscipiendam
693 1099 875 1186 gnosticam
900 1099 1108 1169 traditionem
1131 1102 1265 1188 paratae

63 1213 127 1280 rint
149 1232 153 1251 ’
173 1209 351 1278 &manen
364 1207 418 1274 est
436 1205 522 1272 enim
547 1201 733 1282 certaminis
753 1223 881 1306 quoque
901 1202 1118 1290 praeparatio,
1139 1205 1175 1270 et
1193 1223 1266 1288 my-

64 1316 151 1382 steria
167 1314 247 1381 sunt
260 1333 311 1389 sa,
325 1331 408 1400 quae
422 1304 621 1374 antecedunt
632 1306 800 1391 mysteria.
843 1304 956 1394 Neque
969 1317 1046 1372 vero
1057 1306 1267 1372 monumenta
1355 1341 1360 1352 κ

62 1416 269 1491 haecnostra,
290 1412 349 1489 eis,
372 1409 553 1500 quaesunt
572 1429 613 1474 ex
632 1406 837 1495 philosophia
861 1405 1105 1496 disciplinisque
1129 1425 1266 1495 praepa·

11 1593 13 1606 ,
64 1519 202 1586 nuhhus
234 1513 463 1605 pulcherrima,
500 1509 550 1578 uti
575 1508 788 1579 dubitabunt.
841 1507 976 1599 Neque
1007 1508 1108 1576 enim
1141 1505 1266 1574 solum

64 1623 223 1710 propter
244 1615 481 1686 Haebraeos
504 1615 544 1678 et
565 1627 651 1692 eos,
677 1613 742 1701 qui
769 1614 865 1678 sunt
891 1611 960 1680 sub
983 1611 1086 1698 lege,
1113 1631 1183 1698 par
1204 1611 1298 1694 esu,

65 1722 143 1790 lieri
172 1719 387 1794 Judaeum,
416 1713 628 1780 sedetiam
655 1715 819 1802 propter
848 1711 1025 1785 Graecos
1055 1711 1265 1788 Graecum,

66 1827 99 1892 ut
114 1844 250 1894 omnes
271 1815 587 1890 lucrifaciamus.
630 1815 671 1882 In
696 1815 835 1904 epistola
859 1837 953 1904 porro
974 1815 1017 1884 ad
1037 1811 1265 1882 Colossenses:

73 1925 339 2000 ldmonentes,
371 1917 496 2010 inquit,
523 1939 672 1987 omnem
700 1897 898 1986 hominem
930 1919 971 1986 et
1002 1918 1193 1984 docentes
1225 1915 1266 1982 in

75 2013 154 2098 omri
179 2023 404 2118 sapientia,
429 2023 474 2088 ut
501 2020 754 2088 exhibeamus
781 2043 930 2089 omnem
957 2021 1150 2089 hominem
1177 2040 1267 2108 per-

71 2127 201 2200 lectum
224 2130 262 2196 in
273 2124 459 2200 'Christe
491 2121 656 2193 Convenit
669 2126 780 2190 autern
793 2123 914 2213 alioqui
927 2145 1055 2214 quoqne
1069 2124 1267 2190 commenta-

68 2226 432 2314 riorum'adumbrationi
457 2224 608 2315 splendor
634 2224 929 2314 contemplationis,
970 2225 1049 2294 Jam
1069 2247 1146 2292 vero
1167 2224 1268 2291 etiam
1317 2221 1321 2303 f

68 2333 211 2402 bonarum
237 2331 482 2420 disciplinarum
506 2328 601 2417 copia
628 2330 682 2398 est
705 2329 807 2396 veluti
837 2327 1078 2398 condimentum
1107 2327 1269 2416 quoddam

67 2437 200 2506 athletae
215 2435 287 2506 cibo
304 2434 510 2523 permixtum,
525 2453 590 2499 non
605 2430 737 2498 delicias
754 2432 883 2522 quidem
894 2431 1070 2521 captantis,
1084 2429 1141 2494 sed
1152 2427 1271 2494 bonnm

65 2541 237 2632 appetitum
258 2537 432 2614 sumentis,
458 2533 589 2602 honoris
610 2535 828 2620 amorem“¹).
871 2533 924 2601 En
943 2533 1043 2600 habes
1064 2530 1270 2598 manifestam
1304 2593 1309 2598 .

65 2641 248 2732 disputandi
260 2639 357 2716 viam,
371 2637 503 2707 disertis
519 2635 625 2704 verbis
641 2636 846 2706 declaratam.
869 2636 920 2704 Ut
931 2635 1035 2724 igitur
1048 2636 1156 2704 locum
1169 2635 1280 2702 istum

64 2745 131 2812 aliis
143 2745 251 2812 verbis
272 2739 467 2808 describam:
490 2739 672 2816 veritatem,
694 2739 743 2804 ait
763 2735 915 2808 Clemens
935 2739 1096 2809 tradituro
1115 2739 1194 2806 mihi
1212 2738 1270 2806 ob-

9 2875 11 2880 ·
66 2851 129 2914 stat
141 2845 354 2914 mendacium.
398 2841 556 2911 Homines
577 2863 643 2908 non
663 2841 768 2908 solnm
788 2841 885 2910 alieni
905 2846 1017 2908 sunta
1035 2843 1191 2920 veritate,
1213 2840 1270 2908 sed

63 2949 156 3018 etiam
169 2947 287 3015 mediis
299 2967 340 3015 an
354 2929 466 3013 multis
484 2947 656 3038 versantur
675 2944 709 3010 in
729 2943 916 3017 mendaciis.
960 2943 1048 3026 Quid
1067 2945 1271 3031 igitur'opus

65 3051 166 3120 iactu?
188 3049 385 3138 Priusquam
400 3045 519 3131 dogma
533 3045 695 3135 quoddam
709 3045 853 3115 divinum
863 3047 977 3116 dooere
991 3047 1124 3136 possim,
1139 3045 1272 3148 menda·

64 3153 143 3220 oium
161 3153 298 3223 obstans
317 3149 438 3222 diluam
463 3147 654 3237 oportuerit.
698 3147 979 3232 Quemadmodum
1004 3150 1091 3218 enim
1116 3147 1270 3236 agricola,

66 3259 233 3347 numquam
246 3254 367 3323 bonum
382 3273 491 3322 semen
507 3251 643 3341 spargit,
659 3274 774 3339 agrum
794 3275 814 3318 a
834 3251 937 3342 spinis
953 3250 1127 3342 herbisque
1146 3250 1271 3318 inutili-

9 3401 10 3406 κ
67 3356 120 3424 bus
135 3357 265 3436 liberat,
279 3357 328 3424 sic
341 3377 403 3443 ego
417 3353 518 3422 falsas
532 3354 730 3445 inutilesque
744 3355 921 3446 opiniones,
941 3355 1132 3445 priusquam
1152 3353 1272 3423 bonum

69 3461 245 3532 traditionis
261 3481 371 3529 semen
386 3480 549 3550 spargam,
565 3459 700 3526 euellere
721 3457 868 3528 studebo.
904 3460 971 3528 Sed
986 3458 1164 3550 quomodo?
1187 3457 1275 3526 Sunt

9 3565 11 3612 ὲ
69 3563 189 3651 quidem
208 3563 291 3632 aliae
316 3563 483 3652 opiniones
503 3561 605 3631 falsae
623 3561 897 3651 philosophorrnn,
921 3562 1158 3632 haeffiicdrum
1176 3560 1271 3629 abae.

69 3662 270 3757 Quapropter
283 3681 439 3756 qunmex
453 3665 631 3735 naturali
644 3665 840 3734 revelatione
855 3669 1000 3755 (propter
1010 3664 1155 3734 Graecos
1168 3661 1273 3733 Grae·

65 3776 132 3854 rone)
146 3767 455 3848 demonstrabimus,
470 3769 543 3835 tum
556 3790 597 3838 ex
612 3769 930 3857 supernaturali,
946 3772 1095 3859 (propter
1105 3768 1273 3836 Hebraeos

68 3867 231 3957 iudaeus).
261 3869 404 3953 ,Quibus
423 3869 626 3958 praemissis,
651 3871 695 3938 ad
713 3875 768 3958 τὴν
788 3874 955 3959 ternaria
975 3873 1110 3958 erasto
1131 3875 1275 3956 γνώαως

68 3975 170 4042 emedi
183 3972 315 4064 poterit.
359 3972 458 4056 Quod
476 3975 585 4040 autem
606 3973 649 4040 ad
661 3975 848 4042 naturalem
867 3973 1096 4042 revelationem
1116 3973 1273 4062 pertinet,

67 4075 191 4144 minime
205 4075 313 4143 omnia
325 4074 588 4166 philosophorum
602 4076 724 4166 placita
738 4077 832 4166 quasi
846 4097 979 4167 prorsus
999 4075 1084 4142 falsa
1104 4098 1143 4142 ac
1163 4075 1274 4165 perni-

68 4175 151 4245 ciosa
163 4201 326 4270 respuam,
342 4179 399 4254 sed
414 4199 497 4270 quae
511 4179 643 4268 pulchre
658 4179 820 4258 dixerunt,
836 4199 874 4246 ea
888 4177 1026 4246 libenter
1041 4199 1222 4265 agnoscens
1238 4178 1272 4244 in

69 4298 167 4348 meam
180 4284 307 4376 partem
321 4284 456 4350 vertam.
501 4279 629 4352 Ceteris
644 4304 740 4372 porro
754 4281 934 4372 disciplinis
949 4281 1140 4376 artibusque
1154 4281 1273 4348 libera-

69 4378 150 4452 libus
163 4391 237 4454 utar
249 4387 309 4468 ita,
318 4388 363 4456 ut
376 4387 451 4454 inde
465 4388 600 4456 ornatus
615 4386 747 4477 quidam
766 4386 926 4456 redundet
946 4408 1073 4476 quoque
1094 4383 1269 4463 orationie3

72 4519 265 4540 ’.Ι--ι--ι

123 4605 148 4680 ·)
163 4625 188 4678 a
198 4583 352 4675 art-ane?
