2830 5052
492 327 499 348 “
562 453 606 460 ,.,
623 361 788 460 τι,

51 547 235 614 caritatem
261 545 302 613 In
315 546 473 634 martyrio
487 567 553 612 non
568 543 672 612 solum
686 545 843 612 malorum
858 541 1028 612 diminutio
1043 546 1078 612 et
1092 545 1270 638 distinctio,

52 649 105 716 sed
121 647 252 716 tollitur
266 649 371 724 omnis
386 648 436 716 vis
451 671 562 714 eorum
578 647 735 714 cessando
756 645 798 714 ab
821 647 956 714 actione.
1001 644 1068 714 Sed
1082 651 1121 714 ut
1134 647 1176 714 ad
1189 671 1272 738 pau-

51 755 215 841 pertatem
234 755 369 844 propter
384 749 509 820 Christi
528 749 690 816 iustitiam
709 752 865 828 revertar,
886 750 984 816 etiam
1005 749 1066 818 hoc
1080 751 1273 839 martyrium

52 854 202 942 postulat
226 855 399 932 Dominus,
429 856 468 921 ut
495 852 757 941 possessionibus
788 849 1016 920 benefaciendo
1039 845 1272 922 renuntiemus.
1320 928 1327 948 .

53 955 131 1022 Nam
152 955 214 1022 illa
232 979 311 1045 erga
331 955 439 1023 Deum
460 954 590 1038 caritas,
613 977 695 1042 quae
714 976 755 1020 ne
774 959 911 1020 mortem
932 953 1060 1045 quidem
1082 951 1210 1035 metuit,
1231 955 1272 1024 ab

57 1056 219 1125 bominum
233 1081 341 1127 amore
355 1081 421 1125 non
436 1062 489 1124 est
504 1057 660 1136 seiuncta,
676 1055 731 1142 qui
745 1055 858 1141 exigit,
874 1057 913 1122 ut
927 1059 1032 1122 terrae
1046 1057 1140 1150 bopis
1154 1057 1273 1126 moria-

54 1183 130 1231 mur.
180 1159 313 1228 Caritas
329 1160 413 1228 enim
428 1157 868 1248 beneficentiam'prolitetur,
884 1180 966 1246 quae
981 1159 1032 1224 vel
1048 1157 1193 1228 Sabbeto
1214 1161 1273 1228 do-

52 1263 196 1330 minatur
215 1285 275 1353 per
295 1263 477 1350 gnosticam
499 1261 694 1351 superiorem
715 1261 924 1348 potestatem.
967 1259 1036 1328 Nee
1050 1284 1126 1328 vero
1140 1267 1275 1354 propter

51 1369 176 1434 metum
190 1387 297 1456 neque
311 1367 446 1458 propter
460 1365 536 1432 doni
552 1365 653 1454 spem',
671 1363 727 1430 sed
741 1367 875 1452 propter
887 1363 995 1452 ipsum
1009 1346 1129 1429 bonum
1144 1365 1186 1430 ad
1200 1389 1274 1432 ver·
1289 1383 1291 1394 ·
1405 1440 1412 1450 ¹

51 1467 127 1534 bum
144 1467 291 1534 salutare
304 1469 456 1538 accedere
471 1491 530 1535 nos
547 1470 692 1556 oportet3
716 1467 772 1552 qui
786 1467 835 1532 ita
848 1463 1012 1543 accedent,
1028 1485 1048 1529 a
1062 1463 1186 1533 dextris
1198 1489 1274 1534 san-

51 1569 171 1638 ctuarii
187 1570 334 1652 stabunt,
349 1591 454 1660 neque
469 1573 565 1636 erunt
579 1568 846 1636 mercenariorum
856 1567 894 1634 ⁴in
905 1566 1059 1656 parabola
1069 1567 1109 1633 de
1119 1567 1185 1635 filio
1197 1593 1273 1658 pro-

51 1674 125 1760 digo
149 1673 284 1742 similes.
327 1671 445 1738 Potest
466 1695 561 1768 porro
582 1671 658 1758 eligi
677 1670 798 1737 bonum
819 1669 870 1737 vel
889 1667 1073 1742 imitatione
1090 1670 1143 1736 vel
1161 1673 1273 1758 cogni-
1384 1659 1397 1754 J

51 1773 149 1842 tione:
195 1775 263 1856 Qui
278 1773 427 1840 imitatur
440 1771 549 1840 differt
563 1773 604 1840 ab
620 1795 667 1851 eo,
684 1773 739 1863 qui
754 1795 953 1860 cognoscens
968 1769 1071 1858 eligit,
1088 1771 1173 1839 sicut
1186 1774 1273 1860 igni-

53 1881 118 1942 tnm
135 1875 181 1942 ab
196 1877 387 1943 illuminato.
431 1875 502 1942 Iam
523 1875 577 1965 qui
598 1875 718 1942 bonum
738 1875 968 1942 beneficentiae
990 1877 1106 1941 neutra
1121 1877 1161 1942 de
1175 1899 1274 1945 causa

58 1979 153 2066 eligit,
172 1981 212 2044 ut
227 1979 282 2065 qui
297 1981 524 2068 paupertatem
539 1979 623 2054 ferre
638 1981 788 2063 nequeat,
804 1977 879 2044 huic
899 1977 1006 2044 omnia
1023 1977 1273 2046 innumerabiles

60 2081 287 2152 solicitudines
303 2081 453 2160 afferunt,
468 2101 533 2146 non
549 2079 652 2146 solum
667 2077 809 2156 divitiae,
825 2079 939 2167 gloria,
951 2079 1202 2180 matrimonium,
1215 2081 1273 2148 sed

56 2183 149 2248 etiam
170 2187 364 2270 paupertas3
391 2184 426 2248 id
445 2182 532 2272 quod
551 2181 585 2246 in
605 2179 758 2270 parabola
777 2181 817 2246 de
840 2181 961 2248 semine
972 2178 1073 2249 Verbi
1088 2185 1272 2272 expositum

53 2288 110 2351 est
155 2282 320 2350 Omnibus
341 2288 460 2362 autem,
483 2305 565 2374 quae
585 2282 747 2360 accidunt,
767 2282 816 2348 ita
839 2287 971 2350 utamur
996 2287 1135 2372 oportet,
1156 2289 1195 2352 ut
1215 2306 1274 2376 per
1319 2343 1322 2350 ,

51 2387 152 2454 vitam
173 2387 256 2453 bene
276 2409 314 2452 ac
334 2387 482 2474 gnostiee
502 2387 608 2452 aotam
630 2385 671 2451 ad
690 2383 837 2452 habitum
851 2387 939 2453 vitae
958 2391 1108 2455 aeternae
1123 2413 1273 2458 exercea-

50 2513 130 2556 mur.
180 2487 279 2572 Quod
298 2493 338 2555 ut
356 2490 425 2567 fiat,
447 2489 542 2555 eorde
562 2489 691 2554 credere
710 2487 863 2555 debemus
884 2491 919 2556 et
937 2489 1074 2576 actione,
1092 2515 1158 2560 non
1177 2493 1273 2562 labiis
1310 2497 1319 2524 ⁸

49 2595 182 2658 tantum
197 2593 233 2657 et
245 2589 461 2657 simulatione.
504 2589 551 2656 Et
565 2613 674 2656 eorum
689 2589 819 2680 quidem
833 2594 897 2677 via,
913 2593 968 2682 qui
982 2595 1078 2682 pauci
1093 2590 1274 2664 beneficen-

50 2695 97 2760 tia
112 2693 305 2760 thesaurum
321 2715 414 2758 suum
435 2691 469 2758 in
489 2691 577 2758 coelo
591 2714 656 2758 non
670 2691 869 2759 deiicientem
885 2693 1099 2776 abscondunt,
1114 2721 1174 2766 nec
1187 2699 1273 2767 'faei-

49 2796 88 2862 lis
104 2799 160 2862 est
174 2817 234 2862 nec
248 2794 331 2863 lata.
369 2795 437 2862 Sed
456 2795 544 2861 lata
562 2797 625 2860 est
639 2799 679 2860 et
695 2795 876 2883 spatiosa
890 2795 968 2874 via,
984 2783 1211 2883 quaedueit
1225 2802 1273 2868 ad

49 2897 282 2976 interitum,
299 2899 339 2963 et
359 2896 476 2962 multi
497 2899 603 2974 sunt,
620 2896 685 2986 qui
705 2917 774 2984 per
793 2919 873 2962 eam
892 2897 1117 2967 transeunt.
1158 2901 1198 2967 In
1212 2901 1273 2972 hac

50 2995 231 3078 ambulant,
247 2999 303 3092 qui
323 2998 403 3064 luxu
423 2998 605 3087 capiuntur,
626 2996 795 3062 mulierum
815 3019 933 3078 amore,
949 3001 1129 3088 eupiditate
1150 3004 1273 3091 gloriae

51 3107 84 3171 et
96 3101 239 3191 imperii,
256 3101 478 3191 similibusque
493 3098 591 3164 animi
602 3099 912 3186 perturbationibus.
934 3103 984 3168 At
997 3127 1073 3171 vero
1089 3109 1272 3196 quaerite

50 3207 220 3294 primum
240 3225 403 3291 regnum
429 3201 629 3270 coelorum
656 3201 928 3269 etiustitiam:
955 3227 999 3272 ea
1024 3208 1109 3274 enim
1134 3231 1272 3298 magna

52 3311 145 3386 sunt3
168 3327 293 3396 parva
313 3309 422 3372 autem
438 3309 473 3372 et
486 3307 575 3396 {quae
590 3305 632 3372 ad
645 3304 767 3371 victum
782 3307 957 3394 pertinent,
973 3329 1012 3374 ea
1032 3309 1273 3380 adiicientur

51 3410 178 3477 vobis.
214 3407 401 3475 Beneficum
422 3411 529 3475 autem
547 3408 680 3474 divitem
697 3405 850 3474 Christus
866 3431 930 3476 non
945 3411 1199 3482 exabundantia
1214 3415 1272 3483 do-

51 3510 195 3578 nationis
211 3510 376 3590 aestimat,
394 3512 450 3577 sed
464 3533 505 3576 ex
519 3511 618 3576 animi
632 3509 864 3594 benevolentia.
906 3510 977 3580 Iam
993 3537 1092 3606 quum
1113 3517 1154 3582 ad
1173 3519 1272 3585 animi

54 3612 250 3680 sententiam
264 3613 418 3700 respiciat
433 3612 611 3680 Dominus:
633 3612 751 3679 Beati
766 3614 875 3693 etiam,
890 3615 1006 3702 inquit,
1026 3617 1158 3696 mites,
1175 3643 1271 3706 quo-

53 3716 155 3782 niam
177 3713 259 3803 ipsi
282 3714 548 3804 possidebunt
574 3717 728 3781 terram.
771 3717 817 3782 Et
836 3717 932 3783 mites
953 3717 1081 3807 quidem
1107 3724 1194 3799 sunt,
1216 3720 1273 3811 qui

54 3839 197 3906 pugnam
216 3817 283 3884 irae
303 3820 338 3884 et
356 3817 548 3906 ‘cupiditatis
568 3817 602 3882 in
623 3819 730 3884 anima
751 3815 944 3886 sedaverunt
957 3825 1083 3908 ‘sponte
1103 3843 1141 3888 ae
1159 3823 1270 3893 libere.

55 3919 238 3987 Praemium
253 3941 328 3986 vero
343 3920 535 3987 conveniens
557 3921 620 3986 erit
641 3919 739 3986 animi
753 3919 936 3988 intentioni.
980 3923 1149 4011 Temporis
1164 3924 1271 4014 longi-

55 4023 132 4089 tudo
146 4021 229 4088 nibil
242 4020 344 4089 iurat.
367 4022 551 4089 Praemium
566 4025 618 4090 est
634 4022 721 4089 salus
736 4023 770 4088 in
785 4023 883 4102 coelo,
896 4025 937 4091 ad
950 4025 1144 4115 quodetiam
1156 4025 1271 4116 lugen·
1406 4037 1409 4044 '

55 4127 114 4205 tes,
134 4125 156 4190 i.
177 4147 206 4190 e.
229 4123 430 4212 poenitentes
450 4129 617 4192 vocantur.
661 4123 808 4207 Quorum
829 4125 892 4192 dub
914 4129 991 4192 sunt
1010 4125 1154 4194 ordines:
1177 4131 1271 4208 alter,

57 4227 109 4312 qai
123 4225 229 4294 multo
242 4226 442 4314 trequentior
453 4230 517 4304 est,
528 4227 643 4293 timore
658 4246 780 4314 poenae
794 4225 890 4293 iactis
903 4229 970 4294 suis
985 4227 1113 4296 debitae
1124 4231 1254 4299 ducitur
1259 4257 1269 4313 3

58 4328 137 4396 aer
151 4347 228 4396 vero
243 4329 350 4417 magis
364 4328 595 4418 singularisex
609 4327 807 4395 conscientia
819 4328 979 4396 laotoru'm
993 4329 1134 4398 afficitur
1143 4335 1272 4402 interna

59 4431 182 4499 animae
202 4431 406 4499 verecundia.
448 4429 673 4498 Misericordia
696 4415 806 4497 autem
830 4431 960 4521 utrique
984 4437 1110 4522 parata.
1153 4433 1272 4504 Beati

59 4533 355 4612 misericordes,
382 4521 565 4622 quoniam
591 4533 673 4622 ipsi
693 4532 1005 4601 misericordiam
1027 4559 1271 4626 consequen·
1312 4548 1315 4553 “

59 4635 130 4704 tur.
162 4633 387 4706 Misericordia
400 4639 510 4708 autem
524 4639 667 4716 nonest,
681 4639 721 4706 ut
733 4635 932 4726 philosophis
946 4631 1138 4802 quiqqqdam
1151 4640 1271 4730 placet,
