2820 5052
724 344 788 410 194
923 377 927 386 ,

145 525 380 616 philosophiam
395 550 415 594 a
430 528 591 618 sapientia
604 530 765 620 proficisci
776 529 945 606 dictitant3
960 527 1344 598 esseenimomneshuma-

145 653 222 698 nas:
244 629 295 696 his
312 629 441 716 quidem
455 631 595 720 primum
610 632 869 722 respondendum
885 635 947 710 est,
962 631 1007 700 de.
1016 631 1165 700 maximis
1180 631 1277 722 ipsos,
1290 631 1345 700 ie

146 731 186 798 de
196 733 314 800 mentis
329 733 494 812 electione,
510 733 823 814 i.e.liberoarbitrio‚
840 756 903 822 qno
912 737 1024 822 potest
1035 735 1348 802 homoomniasancta

147 835 294 915 reddere,
307 857 424 906 errare.
458 836 568 904 Homo
583 837 668 902 enim
682 837 799 916 omnia,
815 835 964 924 quamvis
979 859 1037 926 per
1050 837 1196 904 homines
1211 835 1347 926 accipiat,

145 933 259 1002 didicit
284 959 326 1002 ex
350 937 486 1006 Domini
511 939 675 1018 doctrina,
699 939 797 1026 idque
822 941 936 1028 potest
958 939 1058 1006 libere
1081 961 1267 1028 agnoscere.
1312 939 1349 1006 In

108 1095 112 1104 .
145 1062 261 1108 manu
281 1039 381 1108 enim
404 1042 491 1109 eius
515 1041 607 1130 (dei),
628 1041 649 1106 i.
666 1064 694 1108 c.
709 1043 744 1111 in
759 1041 930 1118 virtutc‘et
945 1041 1106 1130 sapientia
1120 1042 1206 1120 eius,
1229 1045 1271 1108 et
1289 1063 1348 1108 nos

146 1144 188 1208 et
208 1141 328 1210 verba
348 1146 489 1210 nostra
510 1149 551 1212 et
577 1143 704 1210 omnis
732 1143 948 1232 prudentia
973 1146 1014 1212 et
1041 1165 1201 1232 operum
1230 1143 1348 1210 soien-

143 1243 211 1310 tia.
253 1242 370 1328 ,Nihil
397 1245 498 1314 enim
525 1245 663 1333 diligit
689 1246 786 1312 deus
814 1247 892 1313 nisi
920 1268 1020 1323 eum,
1054 1245 1121 1332 qui
1151 1247 1349 1313 cohabitat

143 1368 229 1413 cum
249 1345 461 1434 sapientia.
504 1349 679 1416 Praeterea
702 1352 812 1414 autem
836 1347 918 1414 illud
944 1347 1126 1416 Salomonis
1151 1371 1218 1418 non
1242 1347 1349 1436 legisse

144 1448 310 1515 videntur:
336 1449 469 1516 Artifex
483 1453 593 1543 autem
618 1451 852 1518 construxit
877 1450 1095 1538 sapientia,
1117 1453 1187 1518 tua
1213 1454 1348 1526 autem,

145 1549 281 1630 Pater,
315 1551 516 1638 gubernat
544 1551 811 1642 providentia.
868 1553 1106 1640 Agnoscuutur
1134 1553 1239 1642 igitur
1263 1555 1348 1620 artas.

143 1651 212 1720 Neo
226 1675 303 1720 vero
317 1652 377 1720 hac
392 1653 594 1742 philosophia
615 1654 801 1724 deteriores.
859 1653 1093 1742 Significantur
1106 1659 1217 1725 autem
1237 1659 1271 1726 et
1288 1654 1348 1720 Lea

143 1758 178 1842 et
199 1753 399 1822 Graecorum
424 1753 613 1846 disciplinae
638 1747 944 1848 quinque‘pauibus
966 1756 1153 1824 hordeaceis
1179 1761 1216 1824 et
1235 1755 1347 1832 duobus

143 1857 300 1946 piscibus,
316 1857 434 1946 quibus
449 1860 625 1940 multitudo
641 1861 683 1926 ad
698 1859 903 1928 Tiberiadem
916 1858 985 1924 alta
999 1861 1059 1926 est.
1081 1858 1123 1924 In
1135 1857 1275 1948 panibus
1288 1857 1347 1924 Lex

144 1959 299 2046 cernitur,
314 1960 421 2048 pisces
436 1966 545 2028 autem
567 1967 602 2028 et
623 1962 818 2049 encyclicam
839 1961 1052 2052 disciplinam,
1073 1965 1108 2028 et
1126 1960 1347 2050 philosophiam

141 2061 298 2128 indicant.
332 2062 425 2130 Haec
439 2065 541 2152 igitur
555 2065 663 2132 omnia
678 2065 813 2134 Domini
827 2062 1051 2148 benedictione
1067 2063 1257 2130 crescebant
1271 2065 1303 2130 et
1314 2060 1346 2126 ad

142 2164 253 2231 divina
278 2164 451 2232 duxerunt.
500 2167 562 2234 Me
587 2191 731 2255 quoque,
763 2167 812 2234 ait
835 2166 974 2233 Ioannes
999 2164 1174 2252 propbeta,
1202 2148 1347 2255 opbrtet

140 2267 280 2346 minui,
303 2269 441 2356 augeri
466 2273 576 2336 autem
598 2271 701 2338 solum
721 2270 786 2336 iam
812 2269 964 2358 deinceps
986 2267 1130 2336 Verbum
1155 2267 1302 2344 Domini,
1320 2265 1347 2330 in

141 2391 207 2456 quo
227 2369 299 2436 Lex
318 2369 441 2436 finitur.
485 2373 551 2440 Sed
576 2372 725 2458 intellige
740 2347 952 2460 mysterium:
977 2368 1119 2439 Omnia
1140 2371 1344 2460 peripsum

141 2475 250 2540 facta
273 2475 428 2548 suntet
450 2475 537 2540 sine
564 2470 653 2562 ipso
682 2473 831 2540 factum
859 2471 1061 2565 estnihil.
1116 2473 1193 2540 Huc
1219 2472 1346 2563 pertinet

142 2577 241 2644 etiam
267 2575 363 2642 illud:
399 2575 538 2642 Simile
569 2579 635 2642 est
665 2598 828 2662 regnum
861 2573 1061 2642 coelorum
1093 2575 1260 2654 homini,
1292 2569 1346 2658 qui

141 2701 330 2766 sagenam
362 2677 458 2746 iecit
489 2677 530 2744 in
560 2701 664 2746 mare
700 2681 741 2744 et
776 2699 823 2746 ex
858 2675 1116 2744 multitudine
1152 2680 1346 2766 captorum

65 2844 68 2857 ι
140 2781 313 2870 piscium
329 2778 667 2870 melioreselegit.
701 2779 988 2854 lamveroredeat
1002 2773 1183 2868 disputatio
1197 2779 1240 2847 ad
1255 2775 1345 2846 Grae-

145 2907 217 2966 cam
238 2882 442 2971 sapientiam.
487 2880 654 2965 Quattuor
673 2883 775 2970 igitur
794 2884 940 2974 uirtutes
955 2881 1042 2962 illae,
1061 2904 1144 2970 quas
1164 2902 1290 2968 quoque
1312 2875 1345 2941 ab

141 2986 303 3054 Hebraeis
319 2985 461 3052 mutuati
482 2987 561 3050 sunt
581 2983 782 3068 Graeoiita
800 2986 967 3074 praedicat
987 2984 1147 3073 sapientia
1165 2991 1291 3052 nostra:
1312 2977 1344 3044 Si

139 3089 230 3176 quis
258 3087 400 3174 diligit
427 3087 768 3166 iustitiam,labores
799 3087 885 3154 eius
914 3091 1007 3154 sunt
1033 3088 1225 3176 virtutes.
1273 3083 1344 3156 ltu·

141 3192 282 3281 parantia
303 3190 405 3254 enim
434 3191 474 3254 et
494 3188 657 3278 prudentia
691 3189 808 3256 docet
833 3188 1035 3254 iustitiam
1068 3193 1108 3254 et
1134 3187 1343 3262 tortitudinem,

24 3360 26 3368 ,
139 3291 286 3386 quibus
300 3291 404 3356 nihil
418 3291 534 3356 estin
547 3291 630 3356 vita
644 3289 868 3358 hominibus
892 3291 1045 3362 utilius.
1066 3291 1239 3356 Postremo
1254 3287 1344 3356 scien·

139 3394 227 3471 dum,
241 3392 399 3460 virtutem
413 3415 479 3458 non
497 3397 617 3458 natura
632 3403 695 3460 'nos
716 3394 844 3480 habere,
864 3394 928 3462 sed
941 3397 1036 3482 aptos
1056 3396 1175 3466 natura
1194 3397 1258 3462 nos
1272 3408 1343 3462 esses

140 3494 196 3589 qui
211 3517 282 3560 eam
297 3495 502 3582 acquiramus
513 3502 553 3573 ¹).
1337 3554 1339 3558 .

202 3597 250 3664 Et
263 3597 324 3668 hac
339 3596 468 3684 quidem
483 3596 666 3684 cognitione
678 3597 818 3664 solvitur.
826 3597 1050 3666 Hebraeorum
1061 3597 1239 3675 dubitatio,
1245 3597 1342 3662 utrum

138 3701 248 3766 Adam
272 3699 479 3790 perfectus
505 3698 663 3766 formatus
691 3700 745 3778 sit,
772 3723 820 3766 an
844 3700 984 3768 minus.
1029 3700 1155 3768 Sinon
1180 3697 1341 3788 perfectus,
1394 3751 1395 3804 p

139 3801 243 3884 aiunt,
259 3801 419 3886 quomodo
438 3803 574 3889 perlecti
594 3803 645 3868 dei
665 3825 747 3892 opus
769 3802 852 3868 erit?
881 3801 941 3870 Sin
962 3801 1137 3892 perlectus,
1158 3805 1215 3888 qus
1232 3797 1342 3886 migrat

138 3904 330 3994 praecepta?
362 3905 410 3970 At
424 3905 526 3992 igitur
540 3905 703 3995 perfectus
717 3928 783 3975 non
797 3903 862 3970 luit
876 3909 1019 3986 oreatus,
1034 3906 1093 3974 sed
1106 3909 1207 3994 aptus
1225 3903 1267 3970 ad
1285 3898 1340 3968 vir·
1394 3935 1395 3966 ÷

136 4009 243 4072 tutem
259 4004 504 4102 suscipiendam.
549 4006 631 4074 Vult
646 4007 730 4072 enim
753 4007 833 4076 deus
854 4031 895 4076 ex
915 3993 1157 4098 nobismetipsis
1174 4007 1339 4076 salvosuoa
1394 4029 1395 4124 p

137 4107 218 4175 fleri.
261 4109 354 4190 Haec
368 4107 486 4200 quippe
502 4109 627 4177 animae
641 4112 770 4189 natura,
786 4115 825 4178 nt
838 4111 911 4200 ipsa
925 4134 945 4178 a
960 4111 1067 4200 seipsa
1081 4115 1257 4181 moveatur·
1297 4102 1338 4170 Ul
1394 4127 1395 4200 l

135 4213 246 4276 autem
281 4210 384 4278 virtus
416 4212 618 4298 acquiratur,
650 4234 733 4302 opus
765 4216 818 4280 eet
847 4212 1018 4303 disciplina
1047 4216 1082 4280 et
1113 4208 1336 4283 exmoitationo.
1394 4219 1395 4278 l

136 4311 248 4398 Quum
261 4311 365 4401 igitur
379 4335 489 4382 omnes
510 4315 578 4384 sint
599 4315 680 4406 apti,
701 4315 785 4386 alius
804 4317 909 4405 magis
921 4317 1013 4389 alius
1033 4315 1142 4389 minua
1162 4303 1336 4398 mantal

569 4455 573 4466 s

191 4637 215 4706 ¹)
232 4653 258 4708 ρ.
273 4637 422 4696 tta-tas.
