2830 5052
758 299 800 368 74

181 503 296 550 curum
311 484 420 562 eutem
435 484 571 570 gestant
579 483 740 566 muliere,
755 489 800 556 ut
814 489 990 574 gestent,
1005 487 1121 556 timere
1134 485 1212 554 mihi
1225 483 1364 560 ridentur,

97 627 103 634 ·
174 607 227 664 ne,
244 609 323 652 euro
337 584 379 652 ab
394 587 441 654 eis
457 588 597 668 sublato,
612 590 793 658 habeantur
811 589 956 658 ancillae.
999 591 1049 660 Aa
1069 611 1144 658 vero
1164 587 1297 656 servitus
1314 607 1365 652 nou

175 689 337 776 emptione
351 689 609 777 venditioneque,
625 693 682 758 scd
694 695 803 760 mente
815 693 964 764 illiberali
978 692 1136 780 proditur.
1179 691 1226 758 ut
1238 712 1294 760 nos
1308 688 1365 776 qni·

172 789 244 854 dem
258 789 362 868 decet,
377 813 442 858 non
461 791 588 860 videri
608 797 747 872 tantum,
774 795 832 864 sed
851 818 940 862 ease
954 794 1088 872 liberos,
1118 794 1212 862 adeo
1230 796 1366 876 tanquan

171 889 369 980 Paedagogo
383 895 565 973 institutos,
581 897 763 986 adoptatos.
805 897 898 966 Haeo
912 897 1015 985 igitur
1028 895 1167 964 filiorum
1187 895 1238 962 dei
1252 894 1366 960 libertus
1406 951 1407 954 ,

172 1014 214 1059 ex
228 995 387 1075 omnibus,
403 1021 443 1064 ex
458 1000 559 1078 stetu,
574 1003 676 1083 motu,
692 1001 832 1077 incessu,
853 1000 987 1078 vertitu,
1002 999 1154 1066 universa
1174 997 1244 1066 vita
1261 994 1368 1063 eluceat

172 1099 311 1183 oportet
343 1099 392 1166 Ut
404 1103 512 1168 autem
527 1103 634 1168 omnia
649 1102 691 1168 ad
707 1102 845 1169 salutem
855 1101 1046 1181 referantur,
1061 1101 1219 1172 idolorum
1229 1097 1368 1186 imagines

174 1221 215 1264 ne
229 1199 457 1288 imprimantur
478 1203 596 1290 signis,
631 1227 712 1272 neve
732 1204 923 1286 amicarum,
946 1204 1003 1270 sed
1022 1201 1185 1280 columba,
1211 1200 1262 1276 vel
1276 1197 1368 1288 piscis

174 1300 225 1368 vel
240 1301 343 1382 navia,
359 1306 410 1371 vel
424 1305 496 1393 lyra
510 1307 650 1386 musice,
676 1307 728 1374 vel
742 1328 862 1374 ancora
874 1306 1017 1374 nautica.
1060 1305 1115 1372 De
1133 1303 1210 1393 pilis
1230 1323 1322 1392 porro
1334 1301 1371 1366 ita

99 1397 104 1424 ¹
171 1403 310 1496 videtur.
355 1399 650 1496 Virorum⁸quidem
665 1413 766 1500 caput
779 1432 820 1476 ne
835 1409 880 1476 sit
892 1408 1066 1487 hirsutum,
1081 1407 1184 1476 barba
1197 1411 1305 1474 autem
1317 1401 1369 1468 hir·

175 1511 261 1586 suta,
274 1532 356 1595 qnae
367 1511 445 1578 viris
459 1513 589 1580 sufficit.
617 1513 730 1599 Neque
740 1513 843 1599 igitur
851 1510 971 1580 barbae
982 1510 1051 1599 pili,
1066 1510 1122 1600 qui
1131 1509 1213 1580 nihil
1224 1503 1373 1574 molestiae
1408 1499 1409 1504 ’

177 1611 328 1692 afferunt,
342 1616 799 1702 suntvexendi,utquivnltui
807 1614 1372 1702 gravitatemafferautputernumque

84 1720 86 1728 ’
173 1713 335 1798 quendam
349 1718 504 1782 terrorem
515 1719 688 1786 incutiant.
720 1716 918 1784 Mulieribus·
926 1718 1046 1793 eutem,
1061 1717 1101 1782 ut
1111 1714 1217 1782 crines
1227 1711 1374 1780 moderate
1409 1709 1410 1714 ’

174 1815 293 1894 colant,
316 1816 517 1904 largiendum
531 1824 599 1900 est3
623 1821 681 1888 sed
694 1821 872 1888 alienorum
886 1818 1075 1906 capillorum
1094 1840 1175 1884 usus
1195 1815 1323 1904 omnino
1341 1809 1374 1876 eit
1409 1845 1410 1870 i

172 1917 280 1984 nullus
287 1943 297 1996 3
322 1923 500 1988 senectutis
529 1945 570 1988 ne
592 1922 756 2008 hominem
780 1922 918 2010 pudeat,
932 1943 1041 1999 uere,
1066 1919 1155 2006 quod
1175 1939 1319 1992 summae
1335 1913 1375 1980 eut

176 2021 399 2108 auctoritatis,
427 2024 463 2088 id
490 2027 632 2112 tegatur.
675 2025 716 2090 In
739 2025 845 2092 lucem
871 2023 981 2124 potiup
1008 2022 1238 2110 proferendum
1264 2023 1314 2088 est
1335 2013 1375 2080 dei

177 2122 287 2202 decue,
302 2129 341 2192 ut
354 2125 530 2194 honoretur
544 2128 585 2195 ab
607 2127 877 2197 adolescentibus.
924 2125 1137 2194 Pulchritudo
1158 2124 1248 2192 enim
1269 2120 1376 2210 optima
1411 2192 1412 2220 ¹

174 2227 303 2312 quidem
319 2231 371 2295 cst
385 2230 482 2296 animi
495 2231 711 2319 pulchritudo,
729 2231 856 2320 Spiritu
871 2230 907 2297 S.
921 2228 1121 2315 laetitiisque
1134 2226 1252 2296 abhoc
1265 2222 1376 2315 proiec-
1411 2221 1412 2248 l

85 2359 92 2372 ·
172 2328 228 2406 iifl»
243 2328 381 2410 iustitia,
397 2334 580 2420 prudentia,
601 2333 802 2412 fortitudine,
818 2332 1044 2421 temperantia,
1065 2330 1253 2398 honestatis
1273 2345 1376 2416 amore,

172 2431 296 2518 pudore
315 2436 422 2500 ornati
428 2460 437 2514 3
460 2435 575 2502 deinde
595 2457 672 2518 sero
692 2437 835 2524 corporis
857 2457 985 2522 quoque
1004 2432 1212 2522 pulchritudo
1233 2427 1377 2519 quaedam

172 2538 376 2615 exerceatur,
412 2561 509 2624 quam
534 2540 707 2606 metiamur
736 2543 868 2628 oportet
895 2535 1120 2604 convenientia
1148 2536 1294 2605 vestitus
1318 2551 1378 2600 cum

98 2701 108 2708 ,
171 2637 324 2706 membris
350 2645 387 2707 et
407 2630 560 2708 sanitatis
584 2643 761 2722 commodo.
806 2639 960 2708 Ceterum
985 2644 1084 2730 pptus
1110 2637 1241 2724 cibique
1266 2641 1379 2724 tempu-

171 2743 278 2808 rantia
293 2764 409 2831 corpus
424 2747 459 2809 et
474 2744 599 2810 salvum
613 2747 803 2812 custodiunt
821 2749 856 2812 et
875 2744 1053 2833 pulchrum.
1097 2742 1263 2810 Sanitatis
1284 2741 1380 2806 autem

169 2844 311 2920 liberalis
326 2847 386 2912 flos
401 2849 453 2912 est
472 2847 692 2935 pulchritudor
716 2849 840 2915 sanitas
861 2847 946 2914 enim
959 2847 1050 2914 intus
1065 2849 1238 2934 operatur,
1260 2845 1382 2910 externa

171 2951 281 3015 autern
295 2948 502 3036 pulchritudo
516 2949 720 3018 efflorescens
735 2953 873 3019 colorem
892 2949 1101 3018 manifestum
1119 2947 1281 3016 ostendit.
1327 2939 1381 3010 Sed

138 3083 144 3102 ι
171 3051 440 3118 absurdissimum
455 3055 517 3131 est,
533 3073 599 3132 eos,
615 3055 670 3140 qui
684 3055 727 3120 ad
737 3054 910 3142 imaginem
923 3053 976 3119 dei
996 3055 1031 3120 et
1046 3051 1295 3118 similitudinem
1315 3041 1384 3112 iacti

173 3157 261 3232 sunt,
283 3155 376 3240 quasi
394 3154 607 3244 archetypum
632 3159 796 3246 exemplar
821 3157 976 3224 dedecore
995 3154 1190 3232 efficientes,
1217 3157 1384 3220 externum

172 3260 334 3335 ornatum,
352 3280 451 3346 quum
464 3259 648 3348 improbum
664 3260 835 3325 artificium
850 3259 1026 3324 humanum
1045 3257 1096 3323 dei
1115 3255 1248 3344 opificio
1268 3251 1385 3344 praefe-

175 3362 261 3437 rant,
277 3359 490 3427 introducere.
517 3361 558 3426 Id
572 3362 685 3450 potius
701 3361 889 3430 mulieribus
904 3359 1107 3450 propositum
1122 3361 1185 3436 est,
1199 3361 1253 3437 ut,
1269 3358 1346 3424 dum
1358 3352 1386 3418 in

172 3463 297 3528 vestitu
310 3462 447 3532 honesto
462 3487 535 3531 cum
550 3465 743 3531 verecundia
757 3468 791 3530 et
806 3463 965 3530 modestia
980 3461 1161 3538 ambulent,
1187 3460 1274 3538 viri,
1296 3455 1386 3526 verbo

172 3587 238 3632 non
252 3565 450 3645 obedientes,
471 3589 529 3657 per
554 3568 698 3656 ipsarum
718 3567 983 3634 consuetudinem
1005 3565 1074 3631 sine
1099 3561 1197 3630 verbo
1217 3559 1387 3630 lucrifiunt.

176 3669 300 3736 Sedres
312 3672 364 3735 est
374 3669 602 3758 pulcherrima:
618 3670 733 3736 mulier
744 3671 857 3738 domus
869 3673 992 3752 custos,
1005 3690 1087 3754 quae
1099 3670 1134 3734 et
1145 3689 1180 3733 se
1191 3669 1227 3732 et
1238 3665 1388 3732 meritum

83 3803 86 3806 ·
173 3771 313 3864 propriis
336 3773 533 3839 ornamentis
554 3773 678 3850 induit,
706 3759 825 3862 'quibus
847 3795 957 3838 omnes
970 3771 1157 3848 exsultant,
1182 3767 1244 3834 filii
1265 3765 1390 3856 quidem

171 3877 306 3964 propter
320 3878 467 3954 matrem,
482 3879 616 3963 propter
630 3899 766 3942 uxorum
782 3877 890 3958 autern
907 3874 1060 3950 maritus,
1082 3874 1217 3960 propter
1232 3869 1297 3938 hos
1312 3870 1389 3956 ipsa,

172 3999 283 4045 omnes
309 3999 385 4058 vero
410 3981 544 4065 propter
566 3977 671 4044 deum.
716 3977 858 4056 „Mulier
882 3979 966 4046 enim
991 3977 1047 4064 pia
1072 3973 1295 4053 benedicitur,
1324 3971 1392 4058 ipsa

172 4085 282 4148 autem
297 4081 410 4147 laudet
424 4081 571 4147 timorem
587 4079 746 4158 domini;“
768 4086 818 4147 et:
844 4080 981 4159 „mulier
994 4078 1089 4144 fortis
1108 4095 1229 4144 corona
1250 4071 1308 4142 est
1326 4066 1410 4140 mss-¹

172 4183 237 4250 rito
263 4193 356 4250 suo.“
404 4183 512 4272 (Prcv.
538 4187 591 4249 31.
618 4185 695 4267 12).
738 4183 903 4250 Pernicies
935 4185 1044 4246 autem
1075 4180 1193 4246 marito
1225 4175 1393 4246 meretrix.

45 4299 54 4322 ‘
148 4349 153 4358 ,
173 4284 264 4367 „Mel
279 4285 364 4352 eninr
382 4309 402 4352 a
420 4285 519 4353 labris
541 4285 683 4352 mulieris
704 4287 881 4352 meretricis
902 4283 1062 4363 destillat,
1088 4304 1170 4370 quae
1185 4281 1229 4348 cd
1251 4281 1394 4372 gratiam

171 4391 307 4476 loquens
323 4392 440 4476 guttur
454 4413 548 4458 suum
562 4388 777 4478 impinguat.“
824 4387 934 4472 (Prou
952 4387 996 4466 5.)
1039 4385 1091 4452 At
1115 4407 1190 4454 vero
1208 4381 1246 4450 id
1263 4383 1394 4472 quidem

172 4494 290 4581 postea
303 4495 391 4560 certe
404 4493 547 4560 invenies
560 4492 636 4562 felle
650 4491 791 4558 amarius
811 4493 846 4556 et
860 4489 965 4576 magis
979 4492 1111 4560 acutum
1131 4509 1228 4576 quam
1245 4485 1394 4574 gladium

173 4594 356 4686 ancipitem.
405 4595 608 4666 Generosum
638 4593 852 4682 Sampsonem
873 4591 953 4660 vicit
972 4591 1091 4670 amicar
1136 4611 1201 4658 non
1223 4587 1313 4662 item
1333 4585 1396 4654 alia
