2972 5048
775 313 818 380 20

191 502 354 586 momento
377 499 500 584 ordiar,
524 495 693 567 Caracalla
712 469 920 588 imperatore,
942 495 1034 588 Papa
1052 497 1244 588 zephyrino,
1269 497 1408 582 Romam

191 627 291 694 quum
310 601 474 694 profectus
502 605 591 670 esset
605 601 772 670 ecclesiam
794 601 1052 688 antiquissimam
1074 603 1219 682 visurus,
1242 599 1408 668 Eusebius
1470 627 1471 688 1

25 767 26 774 ,
138 759 140 764 .
191 706 278 774 baud
299 705 347 771 ita
362 703 464 770 multo
479 709 555 792 post
569 727 642 772 eum
657 705 816 784 reducem,
840 703 1008 772 Demetrio
1029 704 1180 794 episcopo
1200 703 1409 780 vehementer

180 807 388 898 postulante,
406 807 530 874 scholae
544 807 662 874 iterum
676 806 928 875 moderationem
944 806 1126 894 suscepisse
1140 809 1298 892 narrat1).
1319 805 1408 874 Item

191 911 318 998 quoties
329 909 413 976 idem
431 909 569 996 scriptor
584 909 623 974 de
635 907 788 996 Origenis
799 909 915 978 itinere
926 908 1064 1000 quodam
1073 909 1202 978 locutus
1213 913 1276 986 est,
1292 907 1408 976 statim

191 1035 263 1079 eum
289 1013 330 1079 ad
346 1013 533 1087 consuetam
561 1009 701 1077 scholam
721 1033 886 1078 reversum
907 1033 979 1078 esse
999 1010 1140 1096 addit2).
1185 1009 1407 1094 Quamobrem

189 1114 249 1182 hoc
265 1115 395 1204 quidem
411 1113 625 1202 suspicionem
646 1113 762 1183 saltem
782 1115 901 1192 movet,
923 1111 1009 1199 qnod
1035 1113 1075 1180 de
1097 1110 1277 1180 Clementis
1297 1113 1408 1182 reditu

192 1216 323 1284 omnino
337 1219 435 1284 tacet.
411 1215 628 1284 ttDeme
587 1219 670 1282 tuus
686 1235 792 1302 porro,
817 1239 845 1284 11
835 1213 1011 1284 'Clemens
1028 1211 1196 1282 Caracalla
1209 1213 1407 1310 imperatore

191 1319 317 1386 scholae
331 1317 537 1406 praefuisset,
560 1318 669 1386 nescio
689 1339 731 1385 an
753 1321 821 1384 tam
841 1317 1047 1386 uehementer
1067 1317 1108 1384 ab
1124 1315 1268 1405 Origene
1287 1319 1406 1407 postu-

188 1416 302 1512 lasset,
313 1425 352 1488 ut
362 1443 403 1488 ex
411 1421 528 1488 itinere
543 1443 639 1508 qnam
651 1419 813 1490 celerrime
822 1443 970 1488 reversus
983 1415 1123 1489 scholam
1132 1421 1253 1488 iterum
1264 1412 1404 1508 regeret.

91 1543 100 1554 ·
188 1523 317 1590 Deinde
328 1527 448 1602 autem
459 1523 642 1609 ubicunque
653 1524 740 1612 apud
748 1523 924 1592 Eusebium
936 1526 1013 1611 post
1023 1545 1143 1590 annum
1155 1524 1218 1590 203
1229 1521 1405 1590 desoholae

187 1631 313 1698 rectore
329 1641 433 1693 sermo
446 1629 498 1692 est
498 1673 508 1704 ,
532 1626 692 1712 Origenes
708 1629 835 1694 tantum
853 1626 1049 1694 nominatur.
1093 1625 1178 1692 Tum
1192 1647 1268 1692 vero
1282 1625 1406 1694 diserto

187 1729 334 1810 declarat
347 1728 521 1807 Eusebius,
537 1729 650 1815 primis
663 1727 849 1808 Caracallus
863 1727 1065 1818 imperatoris
1081 1729 1210 1810 annis³)
1226 1724 1404 1815 Origenem

189 1831 292 1900 solum
315 1853 397 1908 esse,
421 1831 476 1922 qui
490 1834 584 1916 vacet
598 1829 868 1912 catechizando.⁴)
911 1823 1063 1916 Denique
1078 1828 1241 1899 Eusebius
1262 1851 1301 1896 eo
1321 1829 1402 1910 loco,

188 1957 252 2020 quo
278 1935 331 2014 id„
355 1933 441 2018 quod
466 1933 621 2000 omiserat
642 1933 683 2000 de
707 1931 861 2018 Origenis
887 1933 1036 2019 pueritia,
1060 1931 1181 2010 adiicit,
1211 1929 1399 2010 Clementis,

186 2035 334 2122 inquam,
376 2034 569 2124 discipulum
599 2059 672 2102 sum
700 2034 812 2112 fuisse,
836 2033 956 2100 Severo
984 2035 1177 2123 imperatore
1194 2032 1402 2102 ¹stromatum

186 2136 286 2204 libros
301 2135 342 2202 ab
357 2135 413 2202 illo
426 2137 594 2205 absolutos
609 2159 682 2204 esse
695 2137 826 2204 indicat.
855 2134 948 2200 Dicit
959 2139 1078 2214 autem,
1092 2137 1127 2202 id
1140 2137 1189 2202 ita
1204 2157 1275 2204 sese
1284 2135 1401 2202 babere

186 2237 473 2306 indemanifeetum
485 2261 567 2318 esse,
584 2240 670 2329 quod
680 2239 714 2304 in
728 2239 832 2326 primo
843 2238 924 2304 libro
937 2236 1087 2306 Clemens
1100 2239 1140 2306 ad
1150 2243 1286 2308 mortem
1297 2260 1401 2324 usque

188 2339 358 2410 Commodi
375 2345 524 2429 tempora
542 2341 714 2408 describat.
742 2339 905 2406 Eusebius
925 2341 1028 2428 igitur
1043 2342 1076 2407 id
1093 2327 1400 2430 11111111111111111110·Ι

187 2445 238 2510 nis
260 2465 332 2534 esse
354 2443 487 2522 iudicat,
521 2449 631 2524 utrum
652 2443 829 2510 Commodo
856 2443 1049 2532 imperatore
1074 2465 1093 2510 1
1118 2443 1293 2512 Stromatis
1319 2465 1401 2520 non-

186 2546 276 2612 nulla
295 2545 360 2610 iam
376 2547 559 2633 scripserit,
588 2567 648 2616 uec
669 2567 740 2624 ner
758 2546 801 2612 de
822 2543 1009 2625 Caracallus
1029 2547 1138 2614 aetate
1162 2547 1242 2614 nihil
1263 2546 1401 2636 quaerit.

186 2649 304 2737 Itaque
320 2669 377 2714 cur
396 2649 527 2714 tandem
541 2648 622 2714 illud
636 2649 842 2726 manifestum
858 2653 956 2728 esset,
973 2649 1001 2715 si
1017 2646 1167 2725 Clemens
1183 2647 1401 2722 Alexandriae

171 2751 359 2820 Caracalla
378 2750 557 2838 imperante
583 2751 753 2818 etiamtum
774 2751 957 2818 docuisset?
990 2751 1068 2818 sed
1087 2752 1165 2842 quia
1184 2753 1261 2840 post
1280 2773 1402 2819 aunum

187 2857 340 2924 roseum
354 2875 519 2943 nunquam
530 2851 772 2930 Alexandriam,
795 2852 850 2918 ubi
867 2853 1033 2920 Strumata
1048 2839 1126 2920 sunt
1143 2854 1243 2932 edita,
1251 2863 1257 2899 ι’
1265 2850 1402 2920 rediisse

185 2961 272 3024 inter
286 2958 411 3022 veteres
427 2957 567 3030 constat,
583 2954 631 3020 ita
645 2958 892 3042 argumentatur
906 2955 1084 3023 Eusebius:
1108 2955 1265 3044 siquidem
1275 2955 1400 3044 primus
1470 2987 1471 3002 ¹

187 3059 390 3138 stromatum
404 3055 485 3128 liber
501 3057 620 3124 Severo
634 3057 827 3146 imperatore
843 3057 984 3146 scriptus
1005 3061 1067 3138 est,
1089 3079 1200 3126 omnes
1211 3057 1399 3132 1011111111-

186 3166 321 3253 perante
335 3158 505 3248 compositi
521 3157 587 3226 sint
601 3182 733 3228 necesse
748 3163 810 3228 est.

781 3401 831 3463 10.

282 3547 284 3555 ⁴
390 3515 494 3600 Quid
516 3515 712 3607 reliquum
734 3401 779 3584 (11
800 3507 989 3582 11111111
1013 3515 1195 3584 sciamus.
1252 3511 1259 3518 ’

252 3669 345 3753 Quae
367 3663 465 3760 quum
493 3670 541 3734 ita
564 3669 645 3746 sint,
666 3667 825 3737 Clement
810 3675 876 3737 tem
898 3672 1063 3759 postremo
1087 3671 1226 3738 vidimus
1248 3693 1277 3737 a.
1293 3672 1356 3738 211
1381 3695 1400 3740 1

188 3771 482 3862 Cappadociat
411 3773 482 3837 Ant
483 3769 618 3836 iochiam
633 3772 899 3860 proficiscentem
944 3773 1039 3840 Unde
1053 3771 1178 3838 venerit
1196 3774 1314 3892 primo,
1337 3797 1400 3862 po-

130 3949 134 3954 ,
187 3880 383 3966 stremoquo
398 3872 530 3951 vaserit,
552 3873 723 3941 nescimus.
752 3879 911 3944 Attamen
926 3898 989 3965 quo
1004 3876 1130 3948 animus
1146 3875 1398 3946 1111111111τί-
1470 3933 1471 3962 .

187 3977 284 4046 stiani
310 3975 448 4052 vaserit,
478 3975 567 4044 ausit
588 3975 705 4065 aliquis
729 3979 846 4048 dicere
889 3977 958 4046 Neo
985 3999 1061 4046 vero
1080 3977 1146 4057 ubi,
1172 3999 1276 4068 neque
1297 3957 1398 4048 etiarn
1470 3989 1471 4076 ᾗ

188 4149 387 4160 -ι--ι--ι-υ-

240 4247 263 4311 ι)
281 4249 309 4298 h.
323 4262 343 4300 e.
355 4245 403 4296 VI.
421 4246 461 4299 11.
579 4237 584 4254 ‘

240 4332 264 4402 ²)
282 4327 542 4386 1111101111.

226 4411 264 4482 J)
282 4417 392 4480 Eisdem,
404 4419 493 4483 quibus
502 4419 638 4472 secuudum
648 4419 796 4474 Gnerikium
808 4422 923 4476 Clemens
934 4423 1066 4478 Putasne
1077 4425 1208 4479 1111111111

239 4500 264 4568 ⁴)
282 4503 308 4553 h.
317 4517 338 4554 e.
351 4499 396 4558 Vl.
411 4503 452 4557 15.
488 4505 572 4567 Quum
589 4522 616 4558 se
633 4507 768 4570 discipulis.
778 4509 859 4558 solnm
870 4509 1015 4562 1111111111
1025 4525 1077 4563 non
1092 4527 1164 4576 posse
1187 4516 1289 4577 proptu
1302 4511 1397 4566 1111111·
1470 4537 1471 4594 p

183 4588 295 4638 tudinem
307 4603 394 4640 eorum
405 4591 580 4658 intellexisset,
597 4593 733 4646 Heraclam
744 4593 867 4665 codegam
878 4595 905 4648 in
916 4595 1003 4651 schola
1012 4599 1156 4664 1111111111.
1470 4595 1471 4628 ¹
