2820 5052
512 287 515 303 ⁸
576 299 888 452 181⁴.-

7 511 8 566 ἶ
73 521 102 586 in
118 505 211 607 quem
231 543 347 592 sumus
365 523 571 618 transpositi.
608 501 764 612 Cognitio
784 527 837 594 est
851 547 927 624 vpro
941 523 1071 614 duplex,
1091 544 1168 601 una,
1189 522 1283 592 cuius

72 623 170 690 omnia
184 624 377 707 animantia,
394 627 491 694 etiam
504 627 639 696 ratroms
651 630 808 718 expertia
825 631 904 696 sunt
913 626 1095 717 partrorp1a
1111 649 1208 712 quam
1218 647 1285 694 non

71 725 284 812 cognitionem
298 729 539 810 nominaverim,
555 755 654 821 quum
662 731 721 798 liat
731 755 790 820 per
801 754 915 798 sensus
926 732 1056 798 tantum
1068 732 1102 798 et
1112 729 1158 796 ert
1168 729 1283 798 horum

70 830 243 916 perceptio;
275 831 323 898 alt
324 853 378 898 era
399 834 525 911 autem,
555 856 639 931 quae
653 834 847 902 excellenter
860 835 1003 922 cognitio
1017 833 1146 910 dicitur,
1174 834 1284 922 mente
1315 845 1334 873 ·'

71 931 347 1018 comprehenditur
361 933 402 1000 ab
416 933 464 1000 eis
479 937 609 1002 tuntum
623 937 855 1024 potestatibus,
870 959 953 1022 quae
967 935 1101 1002 rationis
1115 937 1193 1006 sunt
1205 955 1282 1022 par·

73 1031 185 1120 licipes.
232 1034 304 1102 Sed
318 1035 445 1102 bonus
466 1036 542 1116 vir,
565 1038 613 1104 ait
627 1038 754 1117 David,
775 1039 1075 1124 quimiscretur
1089 1059 1210 1115 eorum,
1226 1035 1282 1122 qui

73 1155 163 1200 errore
178 1140 334 1224 pereunt,
350 1141 389 1206 et
409 1139 630 1206 commodat
648 1141 861 1229 impertiendo
876 1139 1010 1208 verbum
1029 1139 1197 1217 veritatis,
1222 1157 1283 1204 nec

69 1257 132 1302 uero
145 1241 291 1318 temere,
314 1240 472 1308 sedenim
495 1241 754 1332 dispensabit
776 1263 977 1310 sermones
1001 1264 1094 1308 suos
1116 1242 1155 1308 in
1176 1241 1281 1306 iudi-

69 1341 132 1418 cio,
151 1342 407 1410 ratiocinatione
421 1343 504 1410 alta:
527 1343 560 1410 is
583 1337 794 1433 dispersit,
811 1345 922 1412 dedit
942 1345 1233 1431 pauperibus1).
1287 1385 1291 1392 ·

110 1443 323 1531 'Priusquam
339 1448 447 1512 autem
462 1446 665 1534 propositum
681 1447 917 1534 aggrediemur,
932 1440 1086 1533 prooemii
1100 1447 1181 1523 loeo,
1198 1465 1281 1530 quae

66 1543 129 1612 libri
146 1547 176 1614 V
193 1546 402 1616 Strumatum
412 1547 470 1616 fini
485 1548 614 1627 desunt,
634 1549 784 1616 addenda
798 1552 885 1616 sunt.
929 1547 997 1614 Nec
1016 1569 1092 1614 vero
1112 1547 1279 1634 mysteria,

67 1668 137 1730 quae
151 1643 217 1716 huo
229 1650 394 1738 pertinere
404 1651 566 1726 videntur,
582 1652 811 1730 tractabimus3
828 1655 907 1720 sunt
920 1651 1005 1718 enim
1016 1672 1089 1716 cum
1099 1648 1279 1744 principiis,
1336 1695 1348 1706 .

67 1739 232 1836 dequibus
248 1751 330 1820 alias
347 1775 548 1839 quaeremus,
564 1754 745 1820 coniuncta.
790 1754 856 1822 Sed
871 1754 960 1831 furti,
976 1774 1041 1839 quo
1061 1751 1180 1842 Graeci
1194 1750 1280 1817 veri-

66 1851 135 1917 tatis
156 1853 400 1940 'aliquantulum
420 1855 509 1922 nacti
531 1859 624 1933 suut,
650 1842 939 1946 testes-iam'ipsos
960 1857 1167 1922 adducamus.
1213 1850 1280 1934 Qui

66 1952 149 2032 enim,
166 1960 351 2046 quaesunt
368 1958 514 2046 ipsorum
534 1958 681 2046 propria,
710 1962 779 2026 tam
799 1957 972 2026 manifesto
994 1959 1088 2024 alteri
1105 1956 1146 2024 ab
1167 1953 1278 2022 alteris

66 2051 217 2140 iurantur,
236 2059 273 2124 bi
287 2063 385 2137 certe,
402 2073 437 2126 se
450 2058 538 2126 fures
554 2083 637 2138 esse,
653 2061 853 2128 confirmant.
891 2061 957 2128 Sed
970 2061 1065 2127 inviti
1080 2060 1178 2126 etiam
1194 2057 1278 2124 veri-

66 2156 157 2226 tatem
174 2183 211 2228 se
227 2185 250 2228 a
271 2160 365 2226 nobis
389 2163 571 2248 accepisse,
597 2162 785 2230 ostendunt.
829 2163 973 2230 Furandi
999 2166 1109 2230 autem
1134 2159 1278 2226 studium

66 2279 163 2328 eorum
174 2264 324 2350 probabo
334 2264 369 2330 in
380 2264 427 2329 eis
439 2263 661 2351 scriptoribus,
677 2266 733 2352 qui
747 2287 866 2352 magna
876 2265 1113 2354 apudGraecos
1125 2264 1279 2330 fruuntur

66 2363 330 2434 acuistimatione.
374 2366 475 2432 Velut
488 2367 652 2434 Homerus
668 2367 797 2434 furatur
816 2368 857 2433 ab
874 2367 1005 2456 Orpheo
1019 2371 1054 2434 et
1067 2368 1215 2442 Musaeo,
1236 2363 1278 2430 ab

66 2461 200 2559 Homero
215 2491 333 2534 rursus
348 2472 382 2534 et
393 2468 605 2536 Archilochus
621 2473 655 2535 et
670 2466 826 2537 Cratinus
841 2474 876 2538 et
890 2471 1062 2560 Euripides
1070 2495 1079 2548 3
1101 2470 1154 2536 hio
1168 2471 1278 2534 autem

65 2567 153 2640 etiam
169 2595 189 2636 a
204 2571 397 2656 Theognide
412 2574 447 2636 et
456 2571 502 2658 “ab
518 2571 722 2658 Epicharmo.
760 2572 806 2640 Et
817 2575 864 2640 sio
879 2575 1008 2664 quidem
1022 2573 1162 2660 plurimi,
1178 2569 1277 2636 Euri-

24 2691 27 2700 ’
66 2667 156 2751 pides,
173 2671 365 2762 Sophocles,
383 2671 500 2750 Solon,
523 2672 699 2758 Theognis,
720 2674 927 2754 Thucidides‚
949 2675 1119 2752 Philistus,
1142 2670 1277 2748 Critias,

66 2767 263 2860 Pherecydes
280 2774 395 2860 Syrus,
411 2775 578 2853 Eumelus,
598 2775 769 2862 Panyasis,
786 2779 963 2855 Hesiodus,
986 2775 1118 2852 Callias,
1139 2773 1277 2838 Menan-

68 2869 126 2948 der,
141 2877 363 2944 Antimachus
379 2875 490 2952 Teius,
506 2877 644 2962 Augias,
661 2877 855 2956 Simonides,
870 2879 1094 2967 Epicharmus,
1111 2875 1276 2962 Diphilus,

67 2969 246 3066 Posidipus,
258 2978 366 3055 Plato,
378 2977 824 3065 TheodecteaBacohylides,
835 2980 1015 3056 Moschion,
1027 2977 1277 3064 Aristophanes,

67 3073 248 3148 Anacreon:
271 3081 304 3145 hi
319 3080 421 3164 igitur
435 3103 545 3146 omues
560 3080 643 3146 alter
657 3081 790 3150 alterius
806 3082 904 3148 verba
917 3081 1158 3148 transscribunt
1172 3081 1206 3144 et
1220 3079 1276 3146 de-

67 3179 255 3267 scribunt2).
300 3180 367 3248 Sed
380 3182 534 3270 Hippias,
552 3183 707 3271 Sophiste
719 3185 829 3262 Eleus,
846 3207 881 3250 se
895 3182 1071 3250 orationem
1087 3203 1277 3269 componere

68 3283 172 3362 exeis,
194 3307 280 3372 quae
296 3283 336 3350 ab
353 3282 496 3372 Orpheo,
514 3285 662 3364 Musaeo,
684 3286 839 3364 Hesiodo,
860 3287 1004 3354 Homero
1023 3286 1096 3352 aliis
1116 3285 1223 3372 poetis
1243 3286 1278 3350 et
1329 3373 1331 3380 Ι
1399 3307 1402 3360 J

68 3383 275 3472 scriptoribus
289 3390 358 3452 tam
379 3387 526 3454 barbaris
548 3411 644 3473 quam
666 3388 801 3456 Graecis
823 3391 945 3478 scripta
960 3389 1077 3468 sint,'
1068 3413 1100 3454 m
1103 3410 1207 3475 genus
1230 3384 1276 3452 la-

67 3483 157 3553 tetum
203 3491 256 3558 Ut
270 3491 327 3554 aut
329 3511 379 3554 em
393 3513 453 3556 neo
466 3490 713 3578 philosophiam,
734 3515 838 3579 neque
852 3492 1031 3571 historiam,
1051 3514 1155 3580 neque
1169 3492 1274 3578 ipsam

68 3583 185 3658 ffloendi
206 3592 396 3658 facultatem
411 3593 452 3658 ab
467 3593 526 3658 hac
540 3593 786 3682 reprehensione
800 3619 935 3668 vacuam
949 3617 1021 3662 esse
1035 3595 1215 3669 ostendam,
1235 3615 1277 3658 ex
1319 3676 1321 3686 y

7 3733 8 3738 ι
68 3679 111 3752 his
126 3714 254 3781 quoque
268 3716 373 3781 pauca
387 3694 584 3769 adducamus
600 3699 794 3783 oportet-
836 3697 892 3762 Ad
911 3699 1018 3764 hanc'
1008 3697 1071 3792 rgit
1072 3720 1111 3762 ur
1125 3695 1275 3773 crimina-

7 3845 8 3850 .
69 3787 181 3860 tionem
193 3795 393 3886 probandam
405 3796 614 3864 conferuntur
623 3798 709 3866 mter
721 3821 755 3864 se
767 3799 849 3864 mult
850 3799 1056 3866 ilooihorum
1069 3798 1274 3885 scriptorum,

70 3911 196 3974 quorum
212 3898 344 3966 nomina
359 3900 451 3964 sunt.
467 3900 644 3984 Alcmaeon
657 3898 829 3968 Crotoniat
815 3906 860 3979 t,a
877 3901 1063 3988 Sophocles,
1078 3899 1274 3986 Xenophon,

70 3988 247 4086 Euripides,
268 4000 540 4087 Thrasymachus,
565 3981 727 4089 Orpbeus,
748 4003 948 4080 Heraclitus,
969 4003 1130 4068 Athamas
1150 3999 1216 4087 Pyt
1202 4001 1275 4066 tha-

71 4101 207 4184 gericus,
229 4103 442 4190 Empedocles
462 4103 716 4190 Agrigentinus,
735 4103 847 4182 Plato,
869 4105 1057 4182 Menander,
1079 4103 1275 4190 Hyperides,

71 4193 235 4286 Isocrates,
250 4205 448 4282 Andocides,
460 4205 634 4292 Theognis,
647 4207 811 4286 Stasinus,
826 4207 1024 4284 Herodotus,
1036 4206 1274 4294 Theopompus,
1371 4199 1377 4214 “

72 4297 225 4396 Antipho,
244 4307 457 4390 Thucididcs,
478 4307 717 4376 Demosthenes
723 4309 923 4389 ‚·Cratinus,
942 4309 1064 4390 Nicias,
1083 4308 1274 4425 Aeschipes,

74 4434 265 4460 *—

122 4523 132 4558 Ι

122 4529 146 4681 ’i
162 4533 266 4688 ξιῠιέιια
275 4533 432 4686 sirigilcrm
443 4619 560 4683 exempla
571 4618 743 4674 conternntur.
826 4643 835 4658 ·
915 4605 919 4614 '
