<?xml version="1.0" encoding="UTF-8"?>
<!DOCTYPE html PUBLIC "-//W3C//DTD XHTML 1.0 Transitional//EN"
    "http://www.w3.org/TR/xhtml1/DTD/xhtml1-transitional.dtd">
<html xmlns="http://www.w3.org/1999/xhtml" xml:lang="en" lang="en">
 <head>
  <title>
</title>
<meta http-equiv="Content-Type" content="text/html;charset=utf-8" />
  <meta name='ocr-system' content='tesseract 3.04.00' />
  <meta name='ocr-capabilities' content='ocr_page ocr_carea ocr_par ocr_line ocrx_word'/>
</head>
<body>
  <div class='ocr_page' id='page_1' title='image "./clemente00reingoog_0347.png"; bbox 0 0 2884 5058; ppageno 0'>
   <div class='ocr_carea' id='block_1_1' title="bbox 688 347 751 414">
    <p class='ocr_par' dir='ltr' id='par_1_1' title="bbox 688 347 751 414">
     <span class='ocr_line' id='line_1_1' title="bbox 688 347 751 414; baseline -0.032 0"><span class='ocrx_word' id='word_1_1' title='bbox 688 347 751 414; x_wconf 82' lang='grc'><strong>848</strong></span> 
     </span>
    </p>
   </div>
   <div class='ocr_carea' id='block_1_2' title="bbox 115 527 1331 826">
    <p class='ocr_par' dir='ltr' id='par_1_2' title="bbox 115 527 1329 826">
     <span class='ocr_line' id='line_1_2' title="bbox 115 527 1329 623; baseline 0.004 -26"><span class='ocrx_word' id='word_1_2' title='bbox 115 527 185 597; x_wconf 85' lang='lat' dir='ltr'><strong>dite</strong></span> <span class='ocrx_word' id='word_1_3' title='bbox 205 529 415 596; x_wconf 89' lang='lat' dir='ltr'><strong>secundum</strong></span> <span class='ocrx_word' id='word_1_4' title='bbox 440 531 501 600; x_wconf 90' lang='lat' dir='ltr'><strong>dei</strong></span> <span class='ocrx_word' id='word_1_5' title='bbox 520 532 782 619; x_wconf 64' lang='lat' dir='ltr'><strong>gretiameis,</strong></span> <span class='ocrx_word' id='word_1_6' title='bbox 809 533 876 623; x_wconf 89' lang='lat' dir='ltr'><strong>qui</strong></span> <span class='ocrx_word' id='word_1_7' title='bbox 904 553 946 604; x_wconf 88' lang='lat' dir='ltr'><strong>se</strong></span> <span class='ocrx_word' id='word_1_8' title='bbox 972 535 1083 623; x_wconf 84' lang='lat' dir='ltr'><strong>ipsos</strong></span> <span class='ocrx_word' id='word_1_9' title='bbox 1109 533 1329 622; x_wconf 81' lang='lat' dir='ltr'><strong>disciptinn</strong></span> 
     </span>
     <span class='ocr_line' id='line_1_3' title="bbox 116 631 1328 725; baseline 0.005 -27"><span class='ocrx_word' id='word_1_10' title='bbox 116 631 153 698; x_wconf 84' lang='lat' dir='ltr'><strong>di</strong></span> <span class='ocrx_word' id='word_1_11' title='bbox 159 654 254 718; x_wconf 90' lang='lat' dir='ltr'><strong>gnos</strong></span> <span class='ocrx_word' id='word_1_12' title='bbox 269 633 476 722; x_wconf 83' lang='lat' dir='ltr'><strong>praebent,</strong></span> <span class='ocrx_word' id='word_1_13' title='bbox 498 635 599 702; x_wconf 87' lang='lat' dir='ltr'><strong>veluti</strong></span> <span class='ocrx_word' id='word_1_14' title='bbox 613 636 797 724; x_wconf 86' lang='lat' dir='ltr'><strong>depositum</strong></span> <span class='ocrx_word' id='word_1_15' title='bbox 812 636 973 725; x_wconf 75' lang='lat' dir='ltr'>quoddam</span> <span class='ocrx_word' id='word_1_16' title='bbox 988 635 1328 722; x_wconf 60' lang='lat' dir='ltr'><strong>demandaturum)</strong></span> 
     </span>
     <span class='ocr_line' id='line_1_4' title="bbox 179 732 1331 826; baseline 0.004 -24"><span class='ocrx_word' id='word_1_17' title='bbox 179 732 310 822; x_wconf 89' lang='lat' dir='ltr'><strong>Cognit&#39;</strong></span> <span class='ocrx_word' id='word_1_18' title='bbox 302 759 332 802; x_wconf 88' lang='grc' dir='ltr'><strong>ιο</strong></span> <span class='ocrx_word' id='word_1_19' title='bbox 346 757 423 823; x_wconf 87' lang='lat' dir='ltr'><strong>ergo</strong></span> <span class='ocrx_word' id='word_1_20' title='bbox 435 736 516 804; x_wconf 84' lang='lat' dir='ltr'><strong>mire</strong></span> <span class='ocrx_word' id='word_1_21' title='bbox 530 738 584 806; x_wconf 82' lang='lat' dir='ltr'><strong>ills</strong></span> <span class='ocrx_word' id='word_1_22' title='bbox 594 739 740 808; x_wconf 86' lang='lat' dir='ltr'><strong>nescitur</strong></span> <span class='ocrx_word' id='word_1_23' title='bbox 753 761 850 826; x_wconf 90' lang='lat' dir='ltr'><strong>„per</strong></span> <span class='ocrx_word' id='word_1_24' title='bbox 864 739 1150 822; x_wconf 81' lang='lat' dir='ltr'><strong>veritatem“²).</strong></span> <span class='ocrx_word' id='word_1_25' title='bbox 1195 739 1331 806; x_wconf 81' lang='lat' dir='ltr'><strong>Veritee</strong></span> 
     </span>
    </p>
   </div>
   <div class='ocr_carea' id='block_1_3' title="bbox 2 831 1330 928">
    <p class='ocr_par' dir='ltr' id='par_1_3' title="bbox 2 831 1330 928">
     <span class='ocr_line' id='line_1_5' title="bbox 2 831 1330 928; baseline 0.002 -24"><span class='ocrx_word' id='word_1_26' title='bbox 2 831 13 854; x_wconf 81' lang='lat'><em>⁰</em></span> <span class='ocrx_word' id='word_1_27' title='bbox 115 837 296 925; x_wconf 85' lang='lat' dir='ltr'><strong>enimipse,</strong></span> <span class='ocrx_word' id='word_1_28' title='bbox 316 837 338 904; x_wconf 92' lang='lat' dir='ltr'><strong>i.</strong></span> <span class='ocrx_word' id='word_1_29' title='bbox 351 861 381 906; x_wconf 87' lang='lat' dir='ltr'><strong>e</strong></span> <span class='ocrx_word' id='word_1_30' title='bbox 398 836 561 918; x_wconf 88' lang='lat' dir='ltr'><strong>Christus,</strong></span> <span class='ocrx_word' id='word_1_31' title='bbox 582 840 785 928; x_wconf 86' lang='lat' dir='ltr'><strong>heosignum</strong></span> <span class='ocrx_word' id='word_1_32' title='bbox 810 840 910 908; x_wconf 86' lang='lat' dir='ltr'><strong>menti</strong></span> <span class='ocrx_word' id='word_1_33' title='bbox 930 840 1106 928; x_wconf 77' lang='lat' dir='ltr'><strong>imprimit.</strong></span> <span class='ocrx_word' id='word_1_34' title='bbox 1128 840 1330 918; x_wconf 79' lang='lat' dir='ltr'><strong>„hicnevere</strong></span> 
     </span>
    </p>
   </div>
   <div class='ocr_carea' id='block_1_4' title="bbox 56 941 1333 1338">
    <p class='ocr_par' dir='ltr' id='par_1_4' title="bbox 56 941 1333 1338">
     <span class='ocr_line' id='line_1_6' title="bbox 114 941 1329 1031; baseline 0.002 -24"><span class='ocrx_word' id='word_1_35' title='bbox 114 941 319 1027; x_wconf 80' lang='lat' dir='ltr'><strong>unigenitus,</strong></span> <span class='ocrx_word' id='word_1_36' title='bbox 349 941 490 1008; x_wconf 89' lang='lat' dir='ltr'><strong>omnium</strong></span> <span class='ocrx_word' id='word_1_37' title='bbox 514 943 602 1029; x_wconf 88' lang='lat' dir='ltr'><strong>regis</strong></span> <span class='ocrx_word' id='word_1_38' title='bbox 628 943 924 1031; x_wconf 90' lang='lat' dir='ltr'><strong>omnipotentisque</strong></span> <span class='ocrx_word' id='word_1_39' title='bbox 946 941 1051 1030; x_wconf 84' lang='lat' dir='ltr'><strong>petris</strong></span> <span class='ocrx_word' id='word_1_40' title='bbox 1072 943 1192 1030; x_wconf 82' lang='lat' dir='ltr'><strong>gloriae</strong></span> <span class='ocrx_word' id='word_1_41' title='bbox 1211 943 1329 1030; x_wconf 82' lang='lat' dir='ltr'><strong>figure,</strong></span> 
     </span>
     <span class='ocr_line' id='line_1_7' title="bbox 115 1041 1330 1132; baseline 0.005 -26"><span class='ocrx_word' id='word_1_42' title='bbox 115 1041 183 1128; x_wconf 82' lang='lat' dir='ltr'><strong>(hic</strong></span> <span class='ocrx_word' id='word_1_43' title='bbox 210 1043 391 1131; x_wconf 74' lang='lat' dir='ltr'><strong>inquem)‚,</strong></span> <span class='ocrx_word' id='word_1_44' title='bbox 416 1045 482 1132; x_wconf 89' lang='lat' dir='ltr'><strong>qui</strong></span> <span class='ocrx_word' id='word_1_45' title='bbox 511 1046 708 1132; x_wconf 63' lang='lat' dir='ltr'><strong>gnostico*</strong></span> <span class='ocrx_word' id='word_1_46' title='bbox 731 1044 936 1132; x_wconf 77' lang='lat' dir='ltr'><strong>perfectae</strong></span> <span class='ocrx_word' id='word_1_47' title='bbox 969 1043 1330 1131; x_wconf 75' lang='lat' dir='ltr'><strong>contemplationis</strong></span> 
     </span>
     <span class='ocr_line' id='line_1_8' title="bbox 116 1144 1333 1236; baseline 0.001 -23"><span class='ocrx_word' id='word_1_48' title='bbox 116 1144 297 1230; x_wconf 82' lang='lat' dir='ltr'><strong>sigillum</strong></span> <span class='ocrx_word' id='word_1_49' title='bbox 327 1147 538 1222; x_wconf 74' lang='lat' dir='ltr'><strong>secundum</strong></span> <span class='ocrx_word' id='word_1_50' title='bbox 563 1148 697 1235; x_wconf 87' lang='lat' dir='ltr'><strong>ipsius</strong></span> <span class='ocrx_word' id='word_1_51' title='bbox 727 1146 936 1232; x_wconf 78' lang='lat' dir='ltr'><strong>imaginem</strong></span> <span class='ocrx_word' id='word_1_52' title='bbox 964 1147 1178 1236; x_wconf 87' lang='lat' dir='ltr'><strong>imprimit,</strong></span> <span class='ocrx_word' id='word_1_53' title='bbox 1200 1146 1268 1212; x_wconf 79' lang='lat' dir='ltr'><strong>ism</strong></span> <span class='ocrx_word' id='word_1_54' title='bbox 1291 1152 1333 1214; x_wconf 89' lang='lat' dir='ltr'><strong>ut</strong></span> 
     </span>
     <span class='ocr_line' id='line_1_9' title="bbox 56 1237 1332 1338; baseline -0.002 -20"><span class='ocrx_word' id='word_1_55' title='bbox 56 1273 65 1292; x_wconf 80' lang='lat'><strong><em>¹</em></strong></span> <span class='ocrx_word' id='word_1_56' title='bbox 114 1247 213 1318; x_wconf 72' lang='lat' dir='ltr'><strong>tertia</strong></span> <span class='ocrx_word' id='word_1_57' title='bbox 228 1247 273 1312; x_wconf 91' lang='lat' dir='ltr'><strong>sit</strong></span> <span class='ocrx_word' id='word_1_58' title='bbox 287 1247 397 1314; x_wconf 85' lang='lat' dir='ltr'><strong>divine</strong></span> <span class='ocrx_word' id='word_1_59' title='bbox 411 1247 528 1335; x_wconf 79' lang='lat' dir='ltr'><strong>imago,</strong></span> <span class='ocrx_word' id='word_1_60' title='bbox 552 1265 634 1334; x_wconf 81' lang='lat' dir='ltr'><strong>quae</strong></span> <span class='ocrx_word' id='word_1_61' title='bbox 650 1253 807 1338; x_wconf 81' lang='lat' dir='ltr'><strong>quantum</strong></span> <span class='ocrx_word' id='word_1_62' title='bbox 821 1248 890 1314; x_wconf 88' lang='lat' dir='ltr'><strong>fieri</strong></span> <span class='ocrx_word' id='word_1_63' title='bbox 907 1253 1035 1337; x_wconf 87' lang='lat' dir='ltr'><strong>potest,</strong></span> <span class='ocrx_word' id='word_1_64' title='bbox 1058 1237 1258 1316; x_wconf 72' lang='lat' dir='ltr'><strong>assimiletur</strong></span> <span class='ocrx_word' id='word_1_65' title='bbox 1277 1271 1332 1315; x_wconf 90' lang='lat' dir='ltr'><strong>se·</strong></span> 
     </span>
    </p>
   </div>
   <div class='ocr_carea' id='block_1_5' title="bbox 14 1350 1333 1440">
    <p class='ocr_par' dir='ltr' id='par_1_5' title="bbox 14 1350 1333 1440">
     <span class='ocr_line' id='line_1_10' title="bbox 14 1350 1333 1440; baseline -0.002 -20"><span class='ocrx_word' id='word_1_66' title='bbox 14 1415 16 1420; x_wconf 81' lang='grc'>,</span> <span class='ocrx_word' id='word_1_67' title='bbox 115 1350 239 1417; x_wconf 84' lang='lat' dir='ltr'><strong>eundae</strong></span> <span class='ocrx_word' id='word_1_68' title='bbox 255 1373 386 1429; x_wconf 74' lang='lat' dir='ltr'><strong>censae,</strong></span> <span class='ocrx_word' id='word_1_69' title='bbox 409 1352 496 1418; x_wconf 82' lang='lat' dir='ltr'><strong>vitae</strong></span> <span class='ocrx_word' id='word_1_70' title='bbox 511 1353 629 1439; x_wconf 89' lang='lat' dir='ltr'><strong>ipsius,</strong></span> <span class='ocrx_word' id='word_1_71' title='bbox 659 1374 717 1440; x_wconf 88' lang='lat' dir='ltr'><strong>per</strong></span> <span class='ocrx_word' id='word_1_72' title='bbox 731 1373 827 1436; x_wconf 87' lang='lat' dir='ltr'><strong>quem</strong></span> <span class='ocrx_word' id='word_1_73' title='bbox 839 1350 940 1420; x_wconf 82' lang='lat' dir='ltr'><strong>vitem</strong></span> <span class='ocrx_word' id='word_1_74' title='bbox 955 1351 1092 1420; x_wconf 86' lang='lat' dir='ltr'><strong>vivimus</strong></span> <span class='ocrx_word' id='word_1_75' title='bbox 1108 1371 1228 1428; x_wconf 82' lang='lat' dir='ltr'><strong>veram,</strong></span> <span class='ocrx_word' id='word_1_76' title='bbox 1254 1353 1333 1418; x_wconf 80' lang='lat' dir='ltr'><strong>tnn-</strong></span> 
     </span>
    </p>
   </div>
   <div class='ocr_carea' id='block_1_6' title="bbox 28 1451 1395 3382">
    <p class='ocr_par' dir='ltr' id='par_1_6' title="bbox 115 1451 1332 1649">
     <span class='ocr_line' id='line_1_11' title="bbox 116 1451 1332 1546; baseline 0.002 -28"><span class='ocrx_word' id='word_1_77' title='bbox 116 1471 212 1542; x_wconf 85' lang='lat' dir='ltr'><strong>qunm</strong></span> <span class='ocrx_word' id='word_1_78' title='bbox 227 1453 446 1520; x_wconf 77' lang='lat' dir='ltr'><strong>describentes</strong></span> <span class='ocrx_word' id='word_1_79' title='bbox 461 1455 555 1522; x_wconf 87' lang='lat' dir='ltr'><strong>nobis</strong></span> <span class='ocrx_word' id='word_1_80' title='bbox 570 1455 755 1540; x_wconf 87' lang='lat' dir='ltr'><strong>gnosticum</strong></span> <span class='ocrx_word' id='word_1_81' title='bbox 768 1453 870 1531; x_wconf 88' lang='lat' dir='ltr'><strong>illum,</strong></span> <span class='ocrx_word' id='word_1_82' title='bbox 887 1452 942 1542; x_wconf 92' lang='lat' dir='ltr'><strong>qui</strong></span> <span class='ocrx_word' id='word_1_83' title='bbox 953 1457 1105 1546; x_wconf 61' lang='lat' dir='ltr'><strong>¹versetur</strong></span> <span class='ocrx_word' id='word_1_84' title='bbox 1118 1451 1152 1518; x_wconf 93' lang='lat' dir='ltr'><strong>in</strong></span> <span class='ocrx_word' id='word_1_85' title='bbox 1167 1452 1225 1530; x_wconf 85' lang='lat' dir='ltr'><strong>cis,</strong></span> <span class='ocrx_word' id='word_1_86' title='bbox 1246 1473 1332 1542; x_wconf 83' lang='lat' dir='ltr'><strong>quae</strong></span> 
     </span>
     <span class='ocr_line' id='line_1_12' title="bbox 115 1554 998 1649; baseline -0.001 -29"><span class='ocrx_word' id='word_1_87' title='bbox 115 1557 198 1621; x_wconf 84' lang='lat' dir='ltr'><strong>eunt</strong></span> <span class='ocrx_word' id='word_1_88' title='bbox 209 1554 339 1622; x_wconf 81' lang='lat' dir='ltr'><strong>stabilia</strong></span> <span class='ocrx_word' id='word_1_89' title='bbox 353 1573 456 1645; x_wconf 87' lang='lat' dir='ltr'><strong>neque</strong></span> <span class='ocrx_word' id='word_1_90' title='bbox 472 1557 537 1624; x_wconf 93' lang='lat' dir='ltr'><strong>ullo</strong></span> <span class='ocrx_word' id='word_1_91' title='bbox 551 1557 645 1622; x_wconf 91' lang='lat' dir='ltr'><strong>modo</strong></span> <span class='ocrx_word' id='word_1_92' title='bbox 660 1560 799 1649; x_wconf 84' lang='lat' dir='ltr'><strong>possunt</strong></span> <span class='ocrx_word' id='word_1_93' title='bbox 813 1556 998 1635; x_wconf 73' lang='lat' dir='ltr'><strong>muteri“³).</strong></span> 
     </span>
    </p>

    <p class='ocr_par' dir='ltr' id='par_1_7' title="bbox 28 1653 1395 3382">
     <span class='ocr_line' id='line_1_13' title="bbox 115 1653 1332 1748; baseline -0.002 -24"><span class='ocrx_word' id='word_1_94' title='bbox 115 1698 117 1707; x_wconf 91' lang='lat'><em>·</em></span> <span class='ocrx_word' id='word_1_95' title='bbox 180 1653 272 1737; x_wconf 77' lang='lat' dir='ltr'><strong>Quae</strong></span> <span class='ocrx_word' id='word_1_96' title='bbox 287 1681 388 1746; x_wconf 88' lang='lat' dir='ltr'><strong>quum</strong></span> <span class='ocrx_word' id='word_1_97' title='bbox 400 1659 449 1724; x_wconf 85' lang='lat' dir='ltr'><strong>ite</strong></span> <span class='ocrx_word' id='word_1_98' title='bbox 461 1659 537 1736; x_wconf 90' lang='lat' dir='ltr'><strong>sint,</strong></span> <span class='ocrx_word' id='word_1_99' title='bbox 554 1659 711 1748; x_wconf 87' lang='lat' dir='ltr'><strong>sequitur,</strong></span> <span class='ocrx_word' id='word_1_100' title='bbox 726 1680 830 1746; x_wconf 85' lang='lat' dir='ltr'><strong>neque</strong></span> <span class='ocrx_word' id='word_1_101' title='bbox 841 1657 1126 1734; x_wconf 68' lang='lat' dir='ltr'><strong>demonstratione,</strong></span> <span class='ocrx_word' id='word_1_102' title='bbox 1140 1677 1245 1745; x_wconf 87' lang='lat' dir='ltr'><strong>neque</strong></span> <span class='ocrx_word' id='word_1_103' title='bbox 1256 1655 1332 1722; x_wconf 89' lang='lat' dir='ltr'><strong>dili·</strong></span> 
     </span>
     <span class='ocr_line' id='line_1_14' title="bbox 114 1757 1331 1848; baseline -0.002 -24"><span class='ocrx_word' id='word_1_104' title='bbox 114 1761 229 1844; x_wconf 83' lang='lat' dir='ltr'><strong>genter</strong></span> <span class='ocrx_word' id='word_1_105' title='bbox 243 1759 387 1845; x_wconf 88' lang='lat' dir='ltr'><strong>legendis</strong></span> <span class='ocrx_word' id='word_1_106' title='bbox 410 1784 436 1826; x_wconf 87' lang='lat' dir='ltr'><strong>s.</strong></span> <span class='ocrx_word' id='word_1_107' title='bbox 453 1783 479 1826; x_wconf 86' lang='lat' dir='ltr'><strong>e.</strong></span> <span class='ocrx_word' id='word_1_108' title='bbox 496 1761 682 1848; x_wconf 90' lang='lat' dir='ltr'><strong>scripturis,</strong></span> <span class='ocrx_word' id='word_1_109' title='bbox 703 1760 870 1828; x_wconf 85' lang='lat' dir='ltr'><strong>deficiente</strong></span> <span class='ocrx_word' id='word_1_110' title='bbox 885 1759 1006 1826; x_wconf 85' lang='lat' dir='ltr'><strong>virtute</strong></span> <span class='ocrx_word' id='word_1_111' title='bbox 1021 1761 1056 1824; x_wconf 84' lang='lat' dir='ltr'><strong>et</strong></span> <span class='ocrx_word' id='word_1_112' title='bbox 1069 1757 1192 1845; x_wconf 82' lang='lat' dir='ltr'><strong>gretie,</strong></span> <span class='ocrx_word' id='word_1_113' title='bbox 1218 1760 1331 1841; x_wconf 76' lang='grc' dir='ltr'><strong><em>γνοῖσιν</em></strong></span> 
     </span>
     <span class='ocr_line' id='line_1_15' title="bbox 113 1858 1332 1952; baseline -0.001 -23"><span class='ocrx_word' id='word_1_114' title='bbox 113 1878 211 1948; x_wconf 83' lang='lat' dir='ltr'><strong>posse</strong></span> <span class='ocrx_word' id='word_1_115' title='bbox 227 1861 359 1950; x_wconf 77' lang='lat' dir='ltr'><strong>requiri.</strong></span> <span class='ocrx_word' id='word_1_116' title='bbox 404 1861 469 1932; x_wconf 88' lang='lat' dir='ltr'><strong>Sed</strong></span> <span class='ocrx_word' id='word_1_117' title='bbox 491 1863 532 1936; x_wconf 82' lang='lat' dir='ltr'><strong>ed</strong></span> <span class='ocrx_word' id='word_1_118' title='bbox 546 1862 626 1931; x_wconf 81' lang='lat' dir='ltr'><strong>illud</strong></span> <span class='ocrx_word' id='word_1_119' title='bbox 643 1885 769 1952; x_wconf 89' lang='lat' dir='ltr'><strong>quoque</strong></span> <span class='ocrx_word' id='word_1_120' title='bbox 784 1861 862 1928; x_wconf 89' lang='lat' dir='ltr'><strong>lieet</strong></span> <span class='ocrx_word' id='word_1_121' title='bbox 880 1861 1014 1939; x_wconf 86' lang='lat' dir='ltr'><strong>reverti,</strong></span> <span class='ocrx_word' id='word_1_122' title='bbox 1040 1862 1125 1952; x_wconf 88' lang='lat' dir='ltr'><strong>quod</strong></span> <span class='ocrx_word' id='word_1_123' title='bbox 1145 1859 1206 1928; x_wconf 80' lang='lat' dir='ltr'><strong>sub</strong></span> <span class='ocrx_word' id='word_1_124' title='bbox 1231 1858 1332 1928; x_wconf 87' lang='lat' dir='ltr'><strong>finem</strong></span> 
     </span>
     <span class='ocr_line' id='line_1_16' title="bbox 28 1951 1395 2055; baseline 0 -27"><span class='ocrx_word' id='word_1_125' title='bbox 28 2045 32 2054; x_wconf 11' lang='lat' dir='ltr'><strong>g</strong></span> <span class='ocrx_word' id='word_1_126' title='bbox 114 1964 289 2055; x_wconf 83' lang='lat' dir='ltr'><strong>superioris</strong></span> <span class='ocrx_word' id='word_1_127' title='bbox 305 1969 321 2050; x_wconf 66' lang='lat' dir='ltr'><strong>d</strong></span> <span class='ocrx_word' id='word_1_128' title='bbox 335 1966 501 2043; x_wconf 86' lang='lat' dir='ltr'><strong>contendi,</strong></span> <span class='ocrx_word' id='word_1_129' title='bbox 522 1989 548 2032; x_wconf 89' lang='lat' dir='ltr'><strong>s.</strong></span> <span class='ocrx_word' id='word_1_130' title='bbox 565 1989 590 2033; x_wconf 86' lang='lat' dir='ltr'><strong>s.</strong></span> <span class='ocrx_word' id='word_1_131' title='bbox 606 1966 783 2052; x_wconf 67' lang='lat' dir='ltr'><strong>scriptorem</strong></span> <span class='ocrx_word' id='word_1_132' title='bbox 796 1963 836 2030; x_wconf 86' lang='lat' dir='ltr'><strong>ab</strong></span> <span class='ocrx_word' id='word_1_133' title='bbox 851 1985 889 2030; x_wconf 89' lang='lat' dir='ltr'><strong>eo</strong></span> <span class='ocrx_word' id='word_1_134' title='bbox 903 1967 1032 2032; x_wconf 82' lang='lat' dir='ltr'><strong>tentum</strong></span> <span class='ocrx_word' id='word_1_135' title='bbox 1052 1962 1215 2050; x_wconf 85' lang='lat' dir='ltr'><strong>penitus</strong></span> <span class='ocrx_word' id='word_1_136' title='bbox 1231 1961 1331 2029; x_wconf 78' lang='lat' dir='ltr'><strong>i&#39;ntel·</strong></span> <span class='ocrx_word' id='word_1_137' title='bbox 1387 1951 1395 1966; x_wconf 81' lang='grc'><strong>’</strong></span> 
     </span>
     <span class='ocr_line' id='line_1_17' title="bbox 114 2059 1331 2156; baseline -0.005 -20"><span class='ocrx_word' id='word_1_138' title='bbox 114 2059 190 2152; x_wconf 75' lang='lat' dir='ltr'><strong>ligi,</strong></span> <span class='ocrx_word' id='word_1_139' title='bbox 221 2067 276 2156; x_wconf 91' lang='lat' dir='ltr'><strong>qui</strong></span> <span class='ocrx_word' id='word_1_140' title='bbox 303 2068 377 2134; x_wconf 83' lang='lat' dir='ltr'><strong>iam</strong></span> <span class='ocrx_word' id='word_1_141' title='bbox 405 2068 638 2154; x_wconf 85' lang='lat' dir='ltr'><strong>sitgnosticus.</strong></span> <span class='ocrx_word' id='word_1_142' title='bbox 682 2067 824 2146; x_wconf 82' lang='lat' dir='ltr'><strong>Etenim,</strong></span> <span class='ocrx_word' id='word_1_143' title='bbox 855 2065 910 2154; x_wconf 92' lang='lat' dir='ltr'><strong>qui</strong></span> <span class='ocrx_word' id='word_1_144' title='bbox 925 2066 1066 2135; x_wconf 87' lang='lat' dir='ltr'><strong>nondum</strong></span> <span class='ocrx_word' id='word_1_145' title='bbox 1081 2064 1331 2152; x_wconf 59' lang='lat' dir='ltr'><strong>est-gnosticum</strong></span> 
     </span>
     <span class='ocr_line' id='line_1_18' title="bbox 113 2165 1332 2258; baseline 0.002 -26"><span class='ocrx_word' id='word_1_146' title='bbox 113 2167 204 2254; x_wconf 86' lang='lat' dir='ltr'><strong>leget</strong></span> <span class='ocrx_word' id='word_1_147' title='bbox 218 2170 406 2256; x_wconf 83' lang='lat' dir='ltr'><strong>scripturas,</strong></span> <span class='ocrx_word' id='word_1_148' title='bbox 424 2175 581 2258; x_wconf 81' lang='lat' dir='ltr'><strong>quantum</strong></span> <span class='ocrx_word' id='word_1_149' title='bbox 595 2172 630 2236; x_wconf 90' lang='lat' dir='ltr'><strong>et</strong></span> <span class='ocrx_word' id='word_1_150' title='bbox 644 2188 811 2258; x_wconf 83' lang='lat' dir='ltr'><strong>quousque</strong></span> <span class='ocrx_word' id='word_1_151' title='bbox 825 2167 979 2237; x_wconf 65' lang='lat' dir='ltr'><strong>volueritn</strong></span> <span class='ocrx_word' id='word_1_152' title='bbox 1006 2167 1084 2257; x_wconf 88' lang='lat' dir='ltr'><strong>quid</strong></span> <span class='ocrx_word' id='word_1_153' title='bbox 1095 2168 1145 2236; x_wconf 79' lang='lat' dir='ltr'><strong>&#39;sit</strong></span> <span class='ocrx_word' id='word_1_154' title='bbox 1162 2166 1212 2242; x_wconf 93' lang='lat' dir='ltr'><strong>id,</strong></span> <span class='ocrx_word' id='word_1_155' title='bbox 1243 2165 1332 2255; x_wconf 83' lang='lat' dir='ltr'><strong>quod</strong></span> 
     </span>
     <span class='ocr_line' id='line_1_19' title="bbox 114 2268 1331 2363; baseline -0.001 -23"><span class='ocrx_word' id='word_1_156' title='bbox 114 2270 374 2359; x_wconf 69' lang='lat' dir='ltr'><strong>seriptumlcgit,</strong></span> <span class='ocrx_word' id='word_1_157' title='bbox 397 2273 578 2359; x_wconf 88' lang='lat' dir='ltr'><strong>intelligere</strong></span> <span class='ocrx_word' id='word_1_158' title='bbox 591 2274 732 2338; x_wconf 83' lang='lat' dir='ltr'><strong>omni&#39;ex</strong></span> <span class='ocrx_word' id='word_1_159' title='bbox 747 2275 840 2363; x_wconf 83' lang='lat' dir='ltr'><strong>perte</strong></span> <span class='ocrx_word' id='word_1_160' title='bbox 860 2270 998 2359; x_wconf 61' lang='lat' dir='ltr'><strong>nequit„</strong></span> <span class='ocrx_word' id='word_1_161' title='bbox 1023 2268 1123 2339; x_wconf 83' lang='lat' dir='ltr'><strong>Solus</strong></span> <span class='ocrx_word' id='word_1_162' title='bbox 1142 2269 1228 2338; x_wconf 84' lang='lat' dir='ltr'><strong>enim</strong></span> <span class='ocrx_word' id='word_1_163' title='bbox 1247 2289 1331 2355; x_wconf 85' lang='lat' dir='ltr'><strong>gno·</strong></span> 
     </span>
     <span class='ocr_line' id='line_1_20' title="bbox 113 2370 1331 2460; baseline -0.006 -18"><span class='ocrx_word' id='word_1_164' title='bbox 113 2372 229 2450; x_wconf 76' lang='lat' dir='ltr'><strong>uticus,</strong></span> <span class='ocrx_word' id='word_1_165' title='bbox 252 2374 318 2440; x_wconf 82' lang='lat' dir='ltr'><strong>eive</strong></span> <span class='ocrx_word' id='word_1_166' title='bbox 334 2375 444 2460; x_wconf 84' lang='lat' dir='ltr'><strong>legens</strong></span> <span class='ocrx_word' id='word_1_167' title='bbox 461 2376 528 2444; x_wconf 86' lang='lat' dir='ltr'><strong>sive</strong></span> <span class='ocrx_word' id='word_1_168' title='bbox 544 2375 677 2440; x_wconf 79' lang='lat' dir='ltr'><strong>audiens</strong></span> <span class='ocrx_word' id='word_1_169' title='bbox 694 2375 827 2442; x_wconf 89' lang='lat' dir='ltr'><strong>verbum</strong></span> <span class='ocrx_word' id='word_1_170' title='bbox 848 2372 998 2448; x_wconf 86' lang='lat' dir='ltr'><strong>Domini,</strong></span> <span class='ocrx_word' id='word_1_171' title='bbox 1028 2393 1161 2458; x_wconf 84' lang='lat' dir='ltr'><strong>prorsus</strong></span> <span class='ocrx_word' id='word_1_172' title='bbox 1179 2370 1331 2452; x_wconf 83' lang='lat' dir='ltr'><strong>eandem,</strong></span> 
     </span>
     <span class='ocr_line' id='line_1_21' title="bbox 114 2467 1330 2592; baseline -0.003 -50.945"><span class='ocrx_word' id='word_1_173' title='bbox 114 2467 214 2562; x_wconf 80' lang='lat' dir='ltr'><strong>etque</strong></span> <span class='ocrx_word' id='word_1_174' title='bbox 229 2475 375 2542; x_wconf 90' lang='lat' dir='ltr'><strong>dommus</strong></span> <span class='ocrx_word' id='word_1_175' title='bbox 383 2521 392 2554; x_wconf 90' lang='lat'><strong>,</strong></span> <span class='ocrx_word' id='word_1_176' title='bbox 409 2500 463 2564; x_wconf 85' lang='lat' dir='ltr'><strong>qur</strong></span> <span class='ocrx_word' id='word_1_177' title='bbox 454 2477 634 2565; x_wconf 69' lang='lat' dir='ltr'><strong>loquetur</strong></span> <span class='ocrx_word' id='word_1_178' title='bbox 655 2477 772 2592; x_wconf 79' lang='lat' dir='ltr'><strong>nogite</strong></span> <span class='ocrx_word' id='word_1_179' title='bbox 752 2476 892 2543; x_wconf 74' lang='lat' dir='ltr'><strong>ationem</strong></span> <span class='ocrx_word' id='word_1_180' title='bbox 913 2474 1068 2561; x_wconf 85' lang='lat' dir='ltr'><strong>oonoipit3</strong></span> <span class='ocrx_word' id='word_1_181' title='bbox 1104 2471 1261 2559; x_wconf 85' lang='lat' dir='ltr'><strong>intelligit</strong></span> <span class='ocrx_word' id='word_1_182' title='bbox 1279 2493 1330 2550; x_wconf 82' lang='lat' dir='ltr'><strong>ea,</strong></span> 
     </span>
     <span class='ocr_line' id='line_1_22' title="bbox 114 2575 1333 2670; baseline 0 -28"><span class='ocrx_word' id='word_1_183' title='bbox 114 2599 222 2663; x_wconf 78' lang='lat' dir='ltr'><strong>„quae</strong></span> <span class='ocrx_word' id='word_1_184' title='bbox 237 2577 325 2654; x_wconf 89' lang='lat' dir='ltr'><strong>dioit,</strong></span> <span class='ocrx_word' id='word_1_185' title='bbox 301 2581 391 2646; x_wconf 89' lang='lat' dir='ltr'><strong>tut</strong></span> <span class='ocrx_word' id='word_1_186' title='bbox 411 2579 523 2644; x_wconf 86' lang='lat' dir='ltr'><strong>dioit.“</strong></span> <span class='ocrx_word' id='word_1_187' title='bbox 568 2577 687 2646; x_wconf 85' lang='lat' dir='ltr'><strong>Gnost</strong></span> <span class='ocrx_word' id='word_1_188' title='bbox 678 2578 737 2644; x_wconf 85' lang='lat' dir='ltr'><strong>reis</strong></span> <span class='ocrx_word' id='word_1_189' title='bbox 756 2577 867 2664; x_wconf 88' lang='lat' dir='ltr'><strong>legent</strong></span> <span class='ocrx_word' id='word_1_190' title='bbox 852 2577 940 2642; x_wconf 90' lang='lat' dir='ltr'><strong>tibus</strong></span> <span class='ocrx_word' id='word_1_191' title='bbox 962 2575 1141 2664; x_wconf 77' lang='lat' dir='ltr'><strong>scripturae</strong></span> <span class='ocrx_word' id='word_1_192' title='bbox 1166 2575 1333 2670; x_wconf 82' lang='lat' dir='ltr'><strong>pariunt</strong></span> 
     </span>
     <span class='ocr_line' id='line_1_23' title="bbox 113 2677 1332 2768; baseline 0 -24"><span class='ocrx_word' id='word_1_193' title='bbox 113 2678 244 2764; x_wconf 74' lang='lat' dir='ltr'><strong>quidem</strong></span> <span class='ocrx_word' id='word_1_194' title='bbox 256 2679 443 2759; x_wconf 82' lang='lat' dir='ltr'><strong>verrtetem</strong></span> <span class='ocrx_word' id='word_1_195' title='bbox 457 2679 637 2746; x_wconf 76' lang='lat' dir='ltr'><strong>haeretrcrs</strong></span> <span class='ocrx_word' id='word_1_196' title='bbox 642 2681 762 2756; x_wconf 88' lang='lat' dir='ltr'><strong>eutem</strong></span> <span class='ocrx_word' id='word_1_197' title='bbox 779 2679 925 2768; x_wconf 87' lang='lat' dir='ltr'><strong>quemvis</strong></span> <span class='ocrx_word' id='word_1_198' title='bbox 941 2680 1011 2744; x_wconf 86' lang='lat' dir='ltr'><strong>erte</strong></span> <span class='ocrx_word' id='word_1_199' title='bbox 1022 2677 1178 2765; x_wconf 82' lang='lat' dir='ltr'><strong>prsedrtrs</strong></span> <span class='ocrx_word' id='word_1_200' title='bbox 1190 2681 1224 2742; x_wconf 89' lang='lat' dir='ltr'><strong>et</strong></span> <span class='ocrx_word' id='word_1_201' title='bbox 1235 2699 1332 2766; x_wconf 84' lang='lat' dir='ltr'><strong>pree</strong></span> 
     </span>
     <span class='ocr_line' id='line_1_24' title="bbox 67 2779 1331 2868; baseline 0 -23"><span class='ocrx_word' id='word_1_202' title='bbox 67 2805 72 2828; x_wconf 89' lang='lat'><strong>·</strong></span> <span class='ocrx_word' id='word_1_203' title='bbox 115 2781 257 2867; x_wconf 89' lang='lat' dir='ltr'><strong>ceptoin</strong></span> <span class='ocrx_word' id='word_1_204' title='bbox 259 2784 365 2868; x_wconf 87' lang='lat' dir='ltr'><strong>terpre</strong></span> <span class='ocrx_word' id='word_1_205' title='bbox 368 2782 531 2867; x_wconf 84' lang='lat' dir='ltr'><strong>tandique,</strong></span> <span class='ocrx_word' id='word_1_206' title='bbox 563 2805 658 2868; x_wconf 84' lang='lat' dir='ltr'><strong>quam</strong></span> <span class='ocrx_word' id='word_1_207' title='bbox 680 2781 788 2847; x_wconf 86' lang='lat' dir='ltr'><strong>schole</strong></span> <span class='ocrx_word' id='word_1_208' title='bbox 803 2780 965 2868; x_wconf 85' lang='lat' dir='ltr'><strong>postulet,</strong></span> <span class='ocrx_word' id='word_1_209' title='bbox 994 2780 1135 2856; x_wconf 79' lang='lat' dir='ltr'><strong>ratione,</strong></span> <span class='ocrx_word' id='word_1_210' title='bbox 1166 2779 1331 2846; x_wconf 87' lang='lat' dir='ltr'><strong>steriles</strong></span> 
     </span>
     <span class='ocr_line' id='line_1_25' title="bbox 116 2881 1382 2974; baseline 0.002 -26"><span class='ocrx_word' id='word_1_211' title='bbox 116 2883 300 2968; x_wconf 62' lang='lat' dir='ltr'><strong>evadente).</strong></span> <span class='ocrx_word' id='word_1_212' title='bbox 346 2881 512 2965; x_wconf 84' lang='lat' dir='ltr'><strong>Quinim0,</strong></span> <span class='ocrx_word' id='word_1_213' title='bbox 539 2909 674 2974; x_wconf 91' lang='lat' dir='ltr'><strong>quorum</strong></span> <span class='ocrx_word' id='word_1_214' title='bbox 685 2883 832 2973; x_wconf 89' lang='lat' dir='ltr'><strong>inprimis</strong></span> <span class='ocrx_word' id='word_1_215' title='bbox 848 2886 901 2948; x_wconf 86' lang='lat' dir='ltr'><strong>est</strong></span> <span class='ocrx_word' id='word_1_216' title='bbox 915 2881 1066 2963; x_wconf 84' lang='lat' dir='ltr'><strong>scientie,</strong></span> <span class='ocrx_word' id='word_1_217' title='bbox 1093 2881 1148 2970; x_wconf 89' lang='lat' dir='ltr'><strong>qui</strong></span> <span class='ocrx_word' id='word_1_218' title='bbox 1164 2885 1243 2946; x_wconf 80' lang='lat' dir='ltr'><strong>eunt</strong></span> <span class='ocrx_word' id='word_1_219' title='bbox 1256 2904 1332 2948; x_wconf 88' lang='lat' dir='ltr'><strong>eru·</strong></span> <span class='ocrx_word' id='word_1_220' title='bbox 1377 2930 1382 2950; x_wconf 70' lang='lat'><strong>,</strong></span> 
     </span>
     <span class='ocr_line' id='line_1_26' title="bbox 116 2981 1333 3080; baseline 0 -32"><span class='ocrx_word' id='word_1_221' title='bbox 116 2984 240 3051; x_wconf 87' lang='lat' dir='ltr'><strong>ditione</strong></span> <span class='ocrx_word' id='word_1_222' title='bbox 256 2986 420 3073; x_wconf 84' lang='lat' dir='ltr'><strong>praeclare</strong></span> <span class='ocrx_word' id='word_1_223' title='bbox 436 2987 586 3076; x_wconf 91' lang='lat' dir='ltr'><strong>omnique</strong></span> <span class='ocrx_word' id='word_1_224' title='bbox 602 2991 672 3052; x_wconf 87' lang='lat' dir='ltr'><strong>erte</strong></span> <span class='ocrx_word' id='word_1_225' title='bbox 687 2987 796 3074; x_wconf 87' lang='lat' dir='ltr'><strong>potiti,</strong></span> <span class='ocrx_word' id='word_1_226' title='bbox 825 3007 865 3080; x_wconf 82' lang='lat' dir='ltr'><strong>ne</strong></span> <span class='ocrx_word' id='word_1_227' title='bbox 879 2984 912 3050; x_wconf 93' lang='lat' dir='ltr'><strong>hi</strong></span> <span class='ocrx_word' id='word_1_228' title='bbox 927 2981 1067 3072; x_wconf 87' lang='lat' dir='ltr'><strong>quidem,</strong></span> <span class='ocrx_word' id='word_1_229' title='bbox 1094 3005 1159 3071; x_wconf 86' lang='lat' dir='ltr'><strong>que</strong></span> <span class='ocrx_word' id='word_1_230' title='bbox 1173 2982 1269 3060; x_wconf 80' lang='lat' dir='ltr'><strong>tales,</strong></span> <span class='ocrx_word' id='word_1_231' title='bbox 1298 2983 1333 3048; x_wconf 90' lang='lat' dir='ltr'><strong>in</strong></span> 
     </span>
     <span class='ocr_line' id='line_1_27' title="bbox 116 3084 1333 3176; baseline -0.001 -23"><span class='ocrx_word' id='word_1_232' title='bbox 116 3091 221 3154; x_wconf 82' lang='lat' dir='ltr'><strong>totam</strong></span> <span class='ocrx_word' id='word_1_233' title='bbox 235 3091 408 3176; x_wconf 83' lang='lat' dir='ltr'><strong>penetrent</strong></span> <span class='ocrx_word' id='word_1_234' title='bbox 427 3089 575 3162; x_wconf 71' lang='lat' dir='ltr'><strong>veritatis</strong></span> <span class='ocrx_word' id='word_1_235' title='bbox 590 3085 910 3176; x_wconf 81' lang='lat' dir='ltr'><strong>contemplationem,</strong></span> <span class='ocrx_word' id='word_1_236' title='bbox 930 3084 1007 3174; x_wconf 83' lang='lat' dir='ltr'><strong>quie</strong></span> <span class='ocrx_word' id='word_1_237' title='bbox 1035 3085 1132 3162; x_wconf 71' lang='lat' dir='ltr'><strong>„cero</strong></span> <span class='ocrx_word' id='word_1_238' title='bbox 1147 3087 1182 3150; x_wconf 90' lang='lat' dir='ltr'><strong>et</strong></span> <span class='ocrx_word' id='word_1_239' title='bbox 1196 3085 1333 3172; x_wconf 73' lang='lat' dir='ltr'><strong>sanguis</strong></span> 
     </span>
     <span class='ocr_line' id='line_1_28' title="bbox 116 3187 1334 3278; baseline 0 -24"><span class='ocrx_word' id='word_1_240' title='bbox 116 3210 180 3255; x_wconf 89' lang='lat' dir='ltr'><strong>non</strong></span> <span class='ocrx_word' id='word_1_241' title='bbox 196 3191 319 3256; x_wconf 86' lang='lat' dir='ltr'><strong>revelet</strong></span> <span class='ocrx_word' id='word_1_242' title='bbox 326 3189 508 3268; x_wconf 81' lang='lat' dir='ltr'><strong>veritatem,</strong></span> <span class='ocrx_word' id='word_1_243' title='bbox 523 3190 579 3256; x_wconf 82' lang='lat' dir='ltr'><strong>sed</strong></span> <span class='ocrx_word' id='word_1_244' title='bbox 590 3196 684 3278; x_wconf 87' lang='lat' dir='ltr'><strong>peter</strong></span> <span class='ocrx_word' id='word_1_245' title='bbox 693 3190 727 3254; x_wconf 89' lang='lat' dir='ltr'><strong>in</strong></span> <span class='ocrx_word' id='word_1_246' title='bbox 738 3189 870 3265; x_wconf 83' lang='lat' dir='ltr'><strong>coelie,“</strong></span> <span class='ocrx_word' id='word_1_247' title='bbox 886 3187 962 3277; x_wconf 84' lang='lat' dir='ltr'><strong>quie</strong></span> <span class='ocrx_word' id='word_1_248' title='bbox 972 3188 1046 3276; x_wconf 81' lang='lat' dir='ltr'><strong>ipse</strong></span> <span class='ocrx_word' id='word_1_249' title='bbox 1056 3189 1185 3254; x_wconf 86' lang='lat' dir='ltr'><strong>tentum</strong></span> <span class='ocrx_word' id='word_1_250' title='bbox 1194 3190 1334 3275; x_wconf 81' lang='lat' dir='ltr'><strong>peteme</strong></span> 
     </span>
     <span class='ocr_line' id='line_1_29' title="bbox 117 3285 1222 3382; baseline 0 -25"><span class='ocrx_word' id='word_1_251' title='bbox 117 3296 280 3382; x_wconf 84' lang='lat' dir='ltr'><strong>potestate</strong></span> <span class='ocrx_word' id='word_1_252' title='bbox 296 3291 519 3378; x_wconf 80' lang='lat' dir='ltr'><strong>cognoscimus</strong></span> <span class='ocrx_word' id='word_1_253' title='bbox 534 3291 633 3357; x_wconf 89' lang='lat' dir='ltr'><strong>filium</strong></span> <span class='ocrx_word' id='word_1_254' title='bbox 650 3290 926 3382; x_wconf 73' lang='lat' dir='ltr'><strong>omnipotentie5).</strong></span> <span class='ocrx_word' id='word_1_255' title='bbox 1220 3285 1222 3290; x_wconf 63' lang='grc'><strong>’</strong></span> 
     </span>
    </p>
   </div>
   <div class='ocr_carea' id='block_1_7' title="bbox 117 3451 319 3463">
    <p class='ocr_par' dir='ltr' id='par_1_8' title="bbox 117 3451 319 3463">
     <span class='ocr_line' id='line_1_30' title="bbox 117 3451 319 3463; baseline -0.005 0"><span class='ocrx_word' id='word_1_256' title='bbox 117 3451 319 3463; x_wconf 62' lang='lat' dir='ltr'><strong>u—-o-s—--——⁴</strong></span> 
     </span>
    </p>
   </div>
   <div class='ocr_carea' id='block_1_8' title="bbox 99 3517 1335 4714">
    <p class='ocr_par' dir='ltr' id='par_1_9' title="bbox 99 3517 1333 3773">
     <span class='ocr_line' id='line_1_31' title="bbox 172 3517 1333 3598; baseline -0.003 -16"><span class='ocrx_word' id='word_1_257' title='bbox 172 3531 196 3594; x_wconf 85' lang='grc'><strong>1)</strong></span> <span class='ocrx_word' id='word_1_258' title='bbox 214 3533 233 3584; x_wconf 90' lang='lat' dir='ltr'><strong>l.</strong></span> <span class='ocrx_word' id='word_1_259' title='bbox 247 3544 268 3583; x_wconf 90' lang='lat' dir='ltr'><strong>c.</strong></span> <span class='ocrx_word' id='word_1_260' title='bbox 280 3531 342 3585; x_wconf 84' lang='lat' dir='ltr'>VII.</span> <span class='ocrx_word' id='word_1_261' title='bbox 353 3549 380 3598; x_wconf 88' lang='lat' dir='ltr'><strong>p.</strong></span> <span class='ocrx_word' id='word_1_262' title='bbox 394 3525 544 3588; x_wconf 81' lang='grc' dir='ltr'><strong>864-·86δ.</strong></span> <span class='ocrx_word' id='word_1_263' title='bbox 567 3523 690 3596; x_wconf 63' lang='lat' dir='ltr'><strong>tyrone</strong></span> <span class='ocrx_word' id='word_1_264' title='bbox 702 3523 732 3581; x_wconf 84' lang='grc' dir='ltr'><strong>δὲ</strong></span> <span class='ocrx_word' id='word_1_265' title='bbox 745 3523 775 3580; x_wconf 76' lang='grc' dir='ltr'><strong>ἐκ</strong></span> <span class='ocrx_word' id='word_1_266' title='bbox 786 3519 969 3594; x_wconf 77' lang='grc' dir='ltr'><strong><em>παραδόσεως</em></strong></span> <span class='ocrx_word' id='word_1_267' title='bbox 980 3521 1156 3592; x_wconf 64' lang='lat' dir='ltr'><strong>doemonem</strong></span> <span class='ocrx_word' id='word_1_268' title='bbox 1167 3518 1242 3578; x_wconf 74' lang='grc' dir='ltr'><strong><em>κατὰ</em></strong></span> <span class='ocrx_word' id='word_1_269' title='bbox 1252 3517 1333 3593; x_wconf 69' lang='grc' dir='ltr'><strong><em>κόρω</em></strong></span> 
     </span>
     <span class='ocr_line' id='line_1_32' title="bbox 99 3603 1333 3692; baseline -0.003 -24"><span class='ocrx_word' id='word_1_270' title='bbox 99 3685 102 3692; x_wconf 26' lang='lat'><strong>⁴</strong></span> <span class='ocrx_word' id='word_1_271' title='bbox 117 3603 198 3682; x_wconf 70' lang='lat' dir='ltr'><strong>deod,</strong></span> <span class='ocrx_word' id='word_1_272' title='bbox 209 3611 274 3678; x_wconf 83' lang='grc' dir='ltr'><strong><em>τοὺς</em></strong></span> <span class='ocrx_word' id='word_1_273' title='bbox 285 3611 381 3682; x_wconf 73' lang='grc' dir='ltr'><strong><em>ἀξίους</em></strong></span> <span class='ocrx_word' id='word_1_274' title='bbox 393 3615 467 3684; x_wconf 83' lang='grc' dir='ltr'><strong><em>σφᾶς</em></strong></span> <span class='ocrx_word' id='word_1_275' title='bbox 483 3608 597 3676; x_wconf 66' lang='lat' dir='ltr'><strong>inercie</strong></span> <span class='ocrx_word' id='word_1_276' title='bbox 611 3613 659 3680; x_wconf 77' lang='grc' dir='ltr'><strong>τῆς</strong></span> <span class='ocrx_word' id='word_1_277' title='bbox 669 3610 848 3674; x_wconf 64' lang='grc' dir='ltr'><strong><em>διδασκαλίας</em></strong></span> <span class='ocrx_word' id='word_1_278' title='bbox 863 3609 1076 3680; x_wconf 64' lang='grc' dir='ltr'><strong>παρεχομένους,</strong></span> <span class='ocrx_word' id='word_1_279' title='bbox 1092 3604 1157 3664; x_wconf 78' lang='lat' dir='ltr'><strong>etos.</strong></span> <span class='ocrx_word' id='word_1_280' title='bbox 1167 3607 1333 3680; x_wconf 70' lang='grc' dir='ltr'><strong><em>παρακατα-</em></strong></span> 
     </span>
     <span class='ocr_line' id='line_1_33' title="bbox 114 3694 806 3773; baseline -0.013 -18"><span class='ocrx_word' id='word_1_281' title='bbox 114 3694 194 3769; x_wconf 70' lang='grc' dir='ltr'><strong>δήὶορ</strong></span> <span class='ocrx_word' id='word_1_282' title='bbox 206 3698 387 3773; x_wconf 66' lang='grc' dir='ltr'><strong>ἐγχειρίζεται.</strong></span> <span class='ocrx_word' id='word_1_283' title='bbox 802 3741 806 3746; x_wconf 92' lang='grc'><strong>.</strong></span> 
     </span>
    </p>

    <p class='ocr_par' dir='ltr' id='par_1_10' title="bbox 172 3778 738 3855">
     <span class='ocr_line' id='line_1_34' title="bbox 172 3778 738 3855; baseline -0.004 -17"><span class='ocrx_word' id='word_1_284' title='bbox 172 3791 197 3850; x_wconf 84' lang='lat'><strong>²)</strong></span> <span class='ocrx_word' id='word_1_285' title='bbox 217 3790 233 3842; x_wconf 90' lang='lat' dir='ltr'><strong>l.</strong></span> <span class='ocrx_word' id='word_1_286' title='bbox 246 3806 267 3843; x_wconf 89' lang='lat' dir='ltr'><strong>c.</strong></span> <span class='ocrx_word' id='word_1_287' title='bbox 279 3790 313 3841; x_wconf 91' lang='lat' dir='ltr'><strong>V.</strong></span> <span class='ocrx_word' id='word_1_288' title='bbox 324 3806 349 3855; x_wconf 91' lang='lat' dir='ltr'><strong>p.</strong></span> <span class='ocrx_word' id='word_1_289' title='bbox 359 3787 418 3842; x_wconf 79' lang='grc'><strong>646.</strong></span> <span class='ocrx_word' id='word_1_290' title='bbox 429 3788 455 3840; x_wconf 86' lang='grc'><strong>8.</strong></span> <span class='ocrx_word' id='word_1_291' title='bbox 478 3779 525 3838; x_wconf 81' lang='grc' dir='ltr'><strong>διὰ</strong></span> <span class='ocrx_word' id='word_1_292' title='bbox 536 3784 584 3852; x_wconf 80' lang='grc' dir='ltr'><strong>τῆς</strong></span> <span class='ocrx_word' id='word_1_293' title='bbox 596 3778 738 3852; x_wconf 74' lang='grc' dir='ltr'><strong><em>ἀληθείας.</em></strong></span> 
     </span>
    </p>

    <p class='ocr_par' dir='ltr' id='par_1_11' title="bbox 117 3859 1334 4372">
     <span class='ocr_line' id='line_1_35' title="bbox 172 3859 1334 3940; baseline -0.004 -17"><span class='ocrx_word' id='word_1_294' title='bbox 172 3873 200 3939; x_wconf 83' lang='lat'><strong>¹)</strong></span> <span class='ocrx_word' id='word_1_295' title='bbox 216 3874 235 3926; x_wconf 89' lang='lat' dir='ltr'><strong>l.</strong></span> <span class='ocrx_word' id='word_1_296' title='bbox 249 3890 274 3926; x_wconf 84' lang='grc' dir='ltr'><strong>ο.</strong></span> <span class='ocrx_word' id='word_1_297' title='bbox 288 3874 346 3925; x_wconf 80' lang='lat' dir='ltr'>vll.</span> <span class='ocrx_word' id='word_1_298' title='bbox 357 3889 383 3938; x_wconf 81' lang='lat' dir='ltr'><strong>p.</strong></span> <span class='ocrx_word' id='word_1_299' title='bbox 396 3869 544 3928; x_wconf 51' lang='grc'><strong>886888.</strong></span> <span class='ocrx_word' id='word_1_300' title='bbox 567 3859 648 3933; x_wconf 76' lang='grc' dir='ltr'><strong><em>οὗτος</em></strong></span> <span class='ocrx_word' id='word_1_301' title='bbox 664 3863 730 3940; x_wconf 74' lang='lat' dir='ltr'><strong>oroi</strong></span> <span class='ocrx_word' id='word_1_302' title='bbox 742 3861 801 3922; x_wconf 84' lang='grc' dir='ltr'><strong><em>όντι</em></strong></span> <span class='ocrx_word' id='word_1_303' title='bbox 812 3860 970 3937; x_wconf 73' lang='grc' dir='ltr'><strong><em>μονογενὴς,</em></strong></span> <span class='ocrx_word' id='word_1_304' title='bbox 985 3859 1060 3935; x_wconf 76' lang='grc' dir='ltr'><strong><em>ὁτῆς</em></strong></span> <span class='ocrx_word' id='word_1_305' title='bbox 1077 3865 1128 3920; x_wconf 81' lang='grc' dir='ltr'><strong>τοῦ</strong></span> <span class='ocrx_word' id='word_1_306' title='bbox 1138 3863 1334 3934; x_wconf 53' lang='lat' dir='ltr'><strong>eminentiore</strong></span> 
     </span>
     <span class='ocr_line' id='line_1_36' title="bbox 118 3945 1333 4028; baseline -0.007 -17"><span class='ocrx_word' id='word_1_307' title='bbox 118 3955 166 4011; x_wconf 76' lang='grc' dir='ltr'><strong>καί</strong></span> <span class='ocrx_word' id='word_1_308' title='bbox 177 3958 403 4028; x_wconf 73' lang='grc' dir='ltr'><strong><em>παντοκράτορος</em></strong></span> <span class='ocrx_word' id='word_1_309' title='bbox 415 3951 520 4023; x_wconf 86' lang='grc' dir='ltr'><strong><em>πατρός</em></strong></span> <span class='ocrx_word' id='word_1_310' title='bbox 536 3951 618 4022; x_wconf 80' lang='grc' dir='ltr'><strong><em>δόξης</em></strong></span> <span class='ocrx_word' id='word_1_311' title='bbox 634 3949 786 4022; x_wconf 77' lang='grc' dir='ltr'><strong><em>χαρακτὴρ,</em></strong></span> <span class='ocrx_word' id='word_1_312' title='bbox 810 3945 1117 4024; x_wconf 65' lang='grc' dir='ltr'><strong><em>ἐναποσφραριζόμενσς</em></strong></span> <span class='ocrx_word' id='word_1_313' title='bbox 1138 3951 1178 4024; x_wconf 76' lang='grc' dir='ltr'><strong>τῷ</strong></span> <span class='ocrx_word' id='word_1_314' title='bbox 1189 3951 1333 4024; x_wconf 70' lang='grc' dir='ltr'><strong>γνωστικῷ</strong></span> 
     </span>
     <span class='ocr_line' id='line_1_37' title="bbox 117 4029 1332 4112; baseline -0.003 -16"><span class='ocrx_word' id='word_1_315' title='bbox 117 4039 281 4112; x_wconf 77' lang='grc' dir='ltr'><strong><em>νὴντείείαν</em></strong></span> <span class='ocrx_word' id='word_1_316' title='bbox 291 4044 417 4112; x_wconf 75' lang='grc' dir='ltr'><strong><em>θεωρίαν</em></strong></span> <span class='ocrx_word' id='word_1_317' title='bbox 425 4037 490 4096; x_wconf 81' lang='grc' dir='ltr'><strong><em>κατ’</em></strong></span> <span class='ocrx_word' id='word_1_318' title='bbox 502 4038 597 4096; x_wconf 79' lang='grc' dir='ltr'><strong><em>εἰκόνα</em></strong></span> <span class='ocrx_word' id='word_1_319' title='bbox 604 4035 774 4108; x_wconf 67' lang='grc' dir='ltr'><strong><em>τήνίαοέοό</em></strong></span> <span class='ocrx_word' id='word_1_320' title='bbox 785 4033 822 4101; x_wconf 82' lang='grc' dir='ltr'><strong>ὡς</strong></span> <span class='ocrx_word' id='word_1_321' title='bbox 829 4033 901 4092; x_wconf 81' lang='grc' dir='ltr'><strong><em>εἶναι</em></strong></span> <span class='ocrx_word' id='word_1_322' title='bbox 909 4037 1003 4108; x_wconf 81' lang='grc' dir='ltr'><strong><em>τρίτην</em></strong></span> <span class='ocrx_word' id='word_1_323' title='bbox 1014 4029 1068 4106; x_wconf 78' lang='grc' dir='ltr'><strong>ἤδη</strong></span> <span class='ocrx_word' id='word_1_324' title='bbox 1077 4033 1221 4106; x_wconf 77' lang='grc' dir='ltr'><strong><em>’τὴνδείαν</em></strong></span> <span class='ocrx_word' id='word_1_325' title='bbox 1228 4031 1332 4104; x_wconf 77' lang='grc' dir='ltr'><strong><em>εἰκόνα</em></strong></span> 
     </span>
     <span class='ocr_line' id='line_1_38' title="bbox 117 4114 1333 4229; baseline -0.007 -46"><span class='ocrx_word' id='word_1_326' title='bbox 117 4126 168 4197; x_wconf 81' lang='grc' dir='ltr'><strong>τὴν</strong></span> <span class='ocrx_word' id='word_1_327' title='bbox 180 4124 230 4198; x_wconf 84' lang='grc' dir='ltr'><strong>ὅση</strong></span> <span class='ocrx_word' id='word_1_328' title='bbox 243 4127 356 4229; x_wconf 67' lang='lat' dir='ltr'><strong>eutropes</strong></span> <span class='ocrx_word' id='word_1_329' title='bbox 367 4124 581 4196; x_wconf 73' lang='grc' dir='ltr'><strong><em>ἐξομοιονμὲνην</em></strong></span> <span class='ocrx_word' id='word_1_330' title='bbox 596 4122 668 4195; x_wconf 87' lang='grc' dir='ltr'><strong><em>πρός</em></strong></span> <span class='ocrx_word' id='word_1_331' title='bbox 678 4122 709 4179; x_wconf 87' lang='grc' dir='ltr'><strong>τό</strong></span> <span class='ocrx_word' id='word_1_332' title='bbox 722 4118 851 4192; x_wconf 87' lang='grc' dir='ltr'><strong><em>δεότερον</em></strong></span> <span class='ocrx_word' id='word_1_333' title='bbox 868 4123 965 4192; x_wconf 70' lang='grc' dir='ltr'><strong><em>αἶσιον,</em></strong></span> <span class='ocrx_word' id='word_1_334' title='bbox 988 4118 1060 4192; x_wconf 83' lang='grc' dir='ltr'><strong><em>πρὸς</em></strong></span> <span class='ocrx_word' id='word_1_335' title='bbox 1079 4117 1132 4190; x_wconf 82' lang='grc' dir='ltr'><strong>τὴν</strong></span> <span class='ocrx_word' id='word_1_336' title='bbox 1146 4114 1235 4186; x_wconf 78' lang='grc' dir='ltr'><strong><em>ὄντως</em></strong></span> <span class='ocrx_word' id='word_1_337' title='bbox 1249 4118 1333 4195; x_wconf 73' lang='grc' dir='ltr'><strong><em>ζωὴν,</em></strong></span> 
     </span>
     <span class='ocr_line' id='line_1_39' title="bbox 118 4201 1334 4288; baseline -0.006 -19"><span class='ocrx_word' id='word_1_338' title='bbox 118 4207 173 4274; x_wconf 56' lang='lat' dir='ltr'><strong>ds*</strong></span> <span class='ocrx_word' id='word_1_339' title='bbox 157 4231 192 4283; x_wconf 84' lang='grc' dir='ltr'><strong>ην</strong></span> <span class='ocrx_word' id='word_1_340' title='bbox 200 4216 308 4288; x_wconf 68' lang='grc' dir='ltr'><strong><em>ζῶμεν</em></strong></span> <span class='ocrx_word' id='word_1_341' title='bbox 297 4211 350 4284; x_wconf 78' lang='grc' dir='ltr'><strong>τὴν</strong></span> <span class='ocrx_word' id='word_1_342' title='bbox 362 4209 453 4282; x_wconf 65' lang='grc' dir='ltr'><em>ἀληθῆ</em></span> <span class='ocrx_word' id='word_1_343' title='bbox 466 4207 547 4286; x_wconf 80' lang='grc' dir='ltr'><strong><em>ζωήν·</em></strong></span> <span class='ocrx_word' id='word_1_344' title='bbox 578 4207 668 4266; x_wconf 84' lang='grc' dir='ltr'><strong><em>οίσν’</em></strong></span> <span class='ocrx_word' id='word_1_345' title='bbox 652 4204 864 4279; x_wconf 80' lang='grc' dir='ltr'><strong><em>απορρόφοντες</em></strong></span> <span class='ocrx_word' id='word_1_346' title='bbox 874 4205 924 4264; x_wconf 84' lang='grc' dir='ltr'><strong>τόν</strong></span> <span class='ocrx_word' id='word_1_347' title='bbox 935 4202 1085 4279; x_wconf 78' lang='grc' dir='ltr'><strong><em>ννωστιαόν</em></strong></span> <span class='ocrx_word' id='word_1_348' title='bbox 1100 4201 1246 4288; x_wconf 70' lang='grc' dir='ltr'><strong><em>γινόμενον</em></strong></span> <span class='ocrx_word' id='word_1_349' title='bbox 1258 4201 1334 4278; x_wconf 75' lang='grc' dir='ltr'><strong><em>ἡμῖν,</em></strong></span> 
     </span>
     <span class='ocr_line' id='line_1_40' title="bbox 118 4287 1136 4372; baseline -0.007 -18"><span class='ocrx_word' id='word_1_350' title='bbox 118 4296 222 4369; x_wconf 85' lang='grc' dir='ltr'><strong><em>περί</em></strong></span> <span class='ocrx_word' id='word_1_351' title='bbox 192 4317 226 4354; x_wconf 87' lang='grc' dir='ltr'><strong>τα</strong></span> <span class='ocrx_word' id='word_1_352' title='bbox 238 4300 337 4372; x_wconf 79' lang='grc' dir='ltr'><strong><em>βέβαια</em></strong></span> <span class='ocrx_word' id='word_1_353' title='bbox 348 4297 396 4353; x_wconf 80' lang='grc' dir='ltr'><strong>καί</strong></span> <span class='ocrx_word' id='word_1_354' title='bbox 407 4299 545 4359; x_wconf 77' lang='grc' dir='ltr'><strong><em>παντελῶς</em></strong></span> <span class='ocrx_word' id='word_1_355' title='bbox 557 4290 740 4353; x_wconf 76' lang='grc' dir='ltr'><strong><em>ἄναίοίωτα’</em></strong></span> <span class='ocrx_word' id='word_1_356' title='bbox 724 4287 1002 4365; x_wconf 78' lang='grc' dir='ltr'><strong><em>αναστρεφόμενον..</em></strong></span> <span class='ocrx_word' id='word_1_357' title='bbox 1133 4317 1136 4325; x_wconf 56' lang='lat'><em>*</em></span> 
     </span>
    </p>

    <p class='ocr_par' dir='ltr' id='par_1_12' title="bbox 118 4374 1334 4542">
     <span class='ocr_line' id='line_1_41' title="bbox 174 4374 1334 4486; baseline -0.003 -47.955"><span class='ocrx_word' id='word_1_358' title='bbox 174 4388 310 4452; x_wconf 78' lang='lat' dir='ltr'><strong>‘JStrom</strong></span> <span class='ocrx_word' id='word_1_359' title='bbox 320 4385 378 4441; x_wconf 81' lang='lat' dir='ltr'>VII.</span> <span class='ocrx_word' id='word_1_360' title='bbox 397 4401 421 4452; x_wconf 87' lang='lat' dir='ltr'><strong>p.</strong></span> <span class='ocrx_word' id='word_1_361' title='bbox 437 4385 500 4440; x_wconf 84' lang='grc'><strong>880</strong></span> <span class='ocrx_word' id='word_1_362' title='bbox 523 4377 619 4452; x_wconf 79' lang='grc' dir='ltr'><strong><em>διόπερ</em></strong></span> <span class='ocrx_word' id='word_1_363' title='bbox 635 4386 693 4445; x_wconf 84' lang='grc' dir='ltr'><strong><em>τοῖς</em></strong></span> <span class='ocrx_word' id='word_1_364' title='bbox 708 4385 867 4486; x_wconf 53' lang='lat' dir='ltr'><strong>reuertente</strong></span> <span class='ocrx_word' id='word_1_365' title='bbox 881 4374 1045 4450; x_wconf 79' lang='grc' dir='ltr'><strong><em>αεανηριασιν</em></strong></span> <span class='ocrx_word' id='word_1_366' title='bbox 1063 4377 1094 4432; x_wconf 78' lang='lat' dir='ltr'><strong>ut</strong></span> <span class='ocrx_word' id='word_1_367' title='bbox 1104 4377 1224 4448; x_wconf 72' lang='grc' dir='ltr'><strong><em>γραφαί·</em></strong></span> <span class='ocrx_word' id='word_1_368' title='bbox 1252 4375 1284 4432; x_wconf 78' lang='grc' dir='ltr'><strong>αὶ</strong></span> <span class='ocrx_word' id='word_1_369' title='bbox 1301 4375 1334 4434; x_wconf 80' lang='grc' dir='ltr'><strong>δὲ</strong></span> 
     </span>
     <span class='ocr_line' id='line_1_42' title="bbox 118 4463 1023 4548; baseline -0.008 -22"><span class='ocrx_word' id='word_1_370' title='bbox 118 4467 286 4542; x_wconf 77' lang='grc' dir='ltr'><strong><em>αίρίσεις“’</em></strong></span> <span class='ocrx_word' id='word_1_371' title='bbox 255 4491 306 4526; x_wconf 79' lang='grc' dir='ltr'><strong>ουκ</strong></span> <span class='ocrx_word' id='word_1_372' title='bbox 319 4463 527 4541; x_wconf 58' lang='lat' dir='ltr'><strong>§eneconem</strong></span> <span class='ocrx_word' id='word_1_373' title='bbox 509 4488 547 4532; x_wconf 89' lang='grc' dir='ltr'><strong>ως</strong></span> <span class='ocrx_word' id='word_1_374' title='bbox 562 4464 600 4538; x_wconf 80' lang='grc' dir='ltr'><strong>μὴ</strong></span> <span class='ocrx_word' id='word_1_375' title='bbox 610 4467 774 4548; x_wconf 68' lang='lat' dir='ltr'><strong>recensetur</strong></span> <span class='ocrx_word' id='word_1_376' title='bbox 783 4465 1023 4536; x_wconf 75' lang='grc' dir='ltr'><strong><em>παραπίμπονται.</em></strong></span> 
     </span>
    </p>

    <p class='ocr_par' dir='ltr' id='par_1_13' title="bbox 120 4542 1335 4714">
     <span class='ocr_line' id='line_1_43' title="bbox 166 4542 1333 4626; baseline -0.004 -15.926"><span class='ocrx_word' id='word_1_377' title='bbox 166 4555 453 4626; x_wconf 77' lang='lat' dir='ltr'><strong>)1e.V11.p.807.</strong></span> <span class='ocrx_word' id='word_1_378' title='bbox 474 4547 1097 4624; x_wconf 75' lang='grc' dir='ltr'><strong><em>οὶρνεντοοωμστωνρραφτοντὰςίόξετς</em></strong></span> <span class='ocrx_word' id='word_1_379' title='bbox 1119 4547 1177 4606; x_wconf 74' lang='grc' dir='ltr'><strong>καί</strong></span> <span class='ocrx_word' id='word_1_380' title='bbox 1192 4542 1232 4602; x_wconf 77' lang='grc' dir='ltr'><strong>τό</strong></span> <span class='ocrx_word' id='word_1_381' title='bbox 1252 4542 1333 4606; x_wconf 74' lang='grc' dir='ltr'><strong><em>όνό·</em></strong></span> 
     </span>
     <span class='ocr_line' id='line_1_44' title="bbox 120 4631 1335 4714; baseline -0.005 -16"><span class='ocrx_word' id='word_1_382' title='bbox 120 4661 221 4714; x_wconf 84' lang='grc' dir='ltr'><strong><em>ματα,</em></strong></span> <span class='ocrx_word' id='word_1_383' title='bbox 237 4638 406 4714; x_wconf 75' lang='grc' dir='ltr'><strong><em>καθαπερ</em></strong></span> <span class='ocrx_word' id='word_1_384' title='bbox 379 4661 410 4698; x_wconf 85' lang='grc' dir='ltr'><strong>το</strong></span> <span class='ocrx_word' id='word_1_385' title='bbox 423 4643 503 4713; x_wconf 75' lang='grc' dir='ltr'><strong><em>σῶμα</em></strong></span> <span class='ocrx_word' id='word_1_386' title='bbox 517 4657 550 4695; x_wconf 84' lang='grc' dir='ltr'><strong>το</strong></span> <span class='ocrx_word' id='word_1_387' title='bbox 562 4637 719 4709; x_wconf 63' lang='lat' dir='ltr'><strong>Menoeten</strong></span> <span class='ocrx_word' id='word_1_388' title='bbox 726 4637 964 4710; x_wconf 68' lang='grc' dir='ltr'><strong><em>προσβλέπουσιν</em></strong></span> <span class='ocrx_word' id='word_1_389' title='bbox 989 4636 1016 4694; x_wconf 78' lang='lat' dir='ltr'><strong>oi</strong></span> <span class='ocrx_word' id='word_1_390' title='bbox 1035 4634 1079 4708; x_wconf 75' lang='grc' dir='ltr'><strong>δὲ,</strong></span> <span class='ocrx_word' id='word_1_391' title='bbox 1095 4631 1335 4702; x_wconf 65' lang='lat' dir='ltr'><strong>cisternulae</strong></span> 
     </span>
    </p>
   </div>
   <div class='ocr_carea' id='block_1_9' title="bbox 0 0 1447 5058">
    <p class='ocr_par' dir='ltr' id='par_1_14' title="bbox 0 0 1447 5058">
     <span class='ocr_line' id='line_1_45' title="bbox 0 0 1447 5058; baseline 0 0"><span class='ocrx_word' id='word_1_392' title='bbox 0 0 1447 5058; x_wconf 95' lang='lat' dir='ltr'><strong> </strong></span> 
     </span>
    </p>
   </div>
  </div>
 </body>
</html>
