2830 5052
655 323 856 424 Q*

152 528 219 592 cem
233 529 274 574 ns
288 504 470 596 Apsarus
486 503 615 596 quidem
633 508 668 576 in
682 529 732 596 ep.
747 509 790 576 ,a
808 509 921 578 mum
944 507 986 592 (1.
1007 509 1171 589 12-1a.>
1192 493 1237 578 aa
1255 511 1358 578 aaa.

153 607 312 676 actionem
334 607 454 676 Graeci
474 609 631 698 sapientis
657 611 763 680 verbis
783 613 835 680 uti
855 613 1000 689 veretur,
1025 611 1118 678 emus
1141 613 1359 682 testimonium

156 734 267 779 verum
282 733 354 799 epse
369 710 519 780 affirmat.
561 713 652 780 Idem
668 713 747 782 fauit
766 715 801 780 in
821 715 928 802 priore
945 714 991 781 ad
1012 712 1160 782 Corinth.
1181 737 1236 800 ep.
1258 731 1299 798 (c.
1315 717 1358 784 15.

153 815 319 901 32-33.).
343 812 409 880 Sed
423 827 549 880 omnem
565 815 735 884 veritatem
748 817 842 905 Logo
856 810 965 884 deberi
981 816 1047 882 iam
1061 815 1360 884 demonstrabimus.

153 917 269 1006 Itaque
286 917 411 1004 septem
425 917 512 1004 apud
528 915 672 986 Graecos
687 923 899 986 numerantur
922 918 1097 1008 sapientes,
1117 941 1315 1010 quamquam
1328 921 1361 986 de

153 1019 296 1108 septimo.
305 1018 377 1084 loco
392 1041 450 1107 ser
463 1005 594 1086 nomina
608 1024 745 1089 certant
778 1021 902 1090 Omnes
917 1043 994 1090 vero
1007 1019 1104 1108 longe
1125 1024 1204 1109 post
1217 1021 1360 1108 Moysen

130 1124 275 1191 ‘vixisse
308 1124 424 1210 postea
452 1121 632 1190 videbimus
639 1148 648 1202 3
685 1147 772 1192 nuno
803 1127 913 1192 autem
953 1123 1094 1190 fueritne
1121 1122 1361 1212 philosophandi

155 1248 265 1292 eorum
280 1224 375 1302 ratio,
389 1224 554 1292 Hebraica
568 1229 603 1292 et
622 1247 695 1294 cum
716 1227 915 1315 aenigmate,
935 1225 1215 1296 considerandum.
1260 1225 1361 1293 Primo

155 1329 258 1416 igitur
267 1326 406 1394 Platone
420 1329 517 1407 teste,
533 1350 644 1396 omnes
660 1327 789 1406 Graeci,
809 1329 957 1419 inprimis
972 1327 1225 1396 Lacedaemonii
1239 1331 1275 1396 et
1290 1325 1360 1395 Cre-

154 1434 280 1508 tenses,
302 1428 546 1498 hrevitatem
573 1431 865 1520 amplectebantur,
885 1431 971 1500 unde
990 1429 1087 1498 illud:
1109 1429 1240 1498 Nosce
1265 1429 1361 1518 teip-

157 1532 256 1600 suml
276 1533 316 1599 ut
330 1531 476 1621 exemplo
490 1535 576 1609 utar,
596 1533 778 1623 profectum
796 1537 859 1613 est,
880 1537 915 1602 et
932 1533 1071 1623 plurima
1090 1532 1278 1602 huiusmodi
1296 1553 1360 1622 pro·

157 1633 277 1702 rethia:
320 1633 450 1700 Deinde
474 1637 584 1702 autem
610 1636 741 1724 plurimi
767 1635 950 1726 philosophi
969 1635 1102 1704 fuerumt
1120 1635 1266 1714 barbari,
1291 1655 1360 1724 quos

32 1777 36 1782 ·
157 1738 229 1804 ideo
245 1736 343 1803 etiam
358 1735 460 1803 Plato
468 1738 579 1825 magni
594 1740 758 1806 aestimat.
801 1739 849 1806 Et
862 1761 973 1806 omnes
989 1738 1129 1829 quidem,
1145 1739 1237 1828 quod
1250 1758 1360 1804 memo·

156 1843 223 1910 riae
237 1838 403 1930 proditum
418 1841 470 1906 est
483 1839 535 1906 vel
549 1862 589 1906 ex
608 1841 722 1920 rebus,
743 1840 820 1908 dum
840 1841 971 1924 vivunt,
994 1841 1099 1928 gestis
1119 1840 1360 1930 colligispotest,

142 1948 233 2034 ‚post
251 1940 379 2028 Moysis
399 1941 541 2008 aetatem
560 1943 768 2010 exstiterunt.
811 1943 888 2012 ,iam
908 1965 985 2011 vero
1006 1941 1151 2012 Graecos
1171 1943 1216 2010 ab
1235 1944 1359 2028 Aegyp·

156 2048 224 2124 tiis,
240 2067 377 2134 quorum
392 2045 523 2112 nomina
541 2047 577 2114 et
595 2045 692 2113 urbes
712 2044 836 2135 patrias
855 2045 1276 2135 novimus,‘philos0phiam
1289 2042 1359 2110 didi·

156 2151 240 2218 cisse
254 2147 391 2214 historia
410 2149 563 2216 testatur.
605 2148 703 2216 Plato
723 2151 809 2216 certe
828 2149 863 2216 id
883 2149 1019 2240 quidem
1040 2149 1188 2242 fatetur,
1210 2152 1246 2223 et
1271 2149 1310 2214 de
1333 2165 1359 2210 se

154 2255 237 2344 ipso,
253 2254 287 2316 et
302 2251 342 2316 de
356 2248 438 2316 aliis'.
481 2249 700 2330 Democritus,
715 2251 888 2340 Magorum
903 2255 938 2320 et
953 2251 1165 2320 sacerdotum
1181 2247 1359 2340 discipulus,

159 2355 241 2423 adiit
259 2351 472 2440 Babylonem,
492 2353 676 2436 Persidem,
693 2356 893 2446 Aegyptum.
937 2354 1144 2442 Pythagoras
1165 2353 1359 2420 Zoroastren

157 2459 293 2527 Persam
308 2455 489 2544 aemulatus
500 2460 563 2536 est,
575 2481 670 2548 quem
681 2459 868 2526 Alexander
878 2458 943 2536 ille,
957 2457 1014 2548 qui
1025 2458 1065 2524 de
1077 2455 1234 2545 symbolis
1247 2451 1358 2542 Pytha·

160 2559 279 2649 goriois
301 2557 447 2646 scripsit,
471 2556 628 2626 Nazarati
648 2561 780 2648 Assyrii
806 2561 1000 2650 discipulum
1026 2581 1114 2638 esse,
1137 2559 1205 2626 imo
1230 2554 1359 2626 audisse

160 2663 276 2732 Gades
295 2664 330 2728 et
349 2659 569 2739 Brachmanas
583 2665 706 2730 narrat.
747 2663 962 2731 Aristotelem
978 2685 1052 2730 oum
1074 2660 1206 2730 Judaeo
1233 2658 1358 2752 quodam

158 2768 324 2840 versatum
350 2759 526 2832 Clearchus
552 2763 791 2855 Peripateticus
818 2765 913 2843 dicit,
936 2788 957 2832 a
982 2764 1024 2832 se'
1043 2765 1223 2852 cognitum.
1266 2760 1359 2828 Numa

98 2907 103 2914 -
160 2872 278 2945 autem,
294 2867 512 2934 Romanorum
531 2889 599 2946 rex,
620 2869 675 2958 qui
695 2891 715 2934 a
733 2867 853 2958 populo
874 2867 996 2934 homini
1016 2867 1068 2935 vel
1088 2867 1214 2934 bestiae
1235 2861 1358 2932 similem

159 2974 211 3040 dei
230 2971 405 3058 imaginem
426 2969 509 3038 effici
527 2970 644 3051 vetuit,
662 2993 721 3060 per
745 2970 895 3058 Moysem
919 2970 1008 3038 haud
1029 2969 1127 3042 dubie
1150 2969 1285 3036 adiutus
1307 2963 1358 3030 est·

159 3073 368 3162 Philosophia
387 3095 477 3160 ergo,
496 3073 618 3142 multoe
644 3073 773 3160 quidem
796 3097 850 3142 res
869 3072 1035 3152 utilitatis,
1054 3093 1114 3162 per
1131 3075 1248 3160 gentes
1268 3063 1358 3158 pellu-

159 3201 253 3256 cens,
278 3175 390 3244 floruit
411 3175 488 3242 olim
512 3177 600 3264 apud
627 3177 791 3248 barbaros.
834 3175 971 3244 Habent
997 3177 1107 3242 autem
1128 3174 1277 3262 singulae
1290 3188 1357 3258 gen·
1407 3245 1408 3254 χ

49 3277 53 3286 ’
159 3285 212 3350 tes
227 3303 302 3348 suos
317 3278 537 3368 philosophos,
559 3301 639 3365 quos
660 3279 715 3346 alii
734 3279 799 3346 alio
817 3281 937 3346 ornant
955 3277 1093 3346 nomine.
1136 3275 1208 3344 Sed·
1224 3269 1358 3342 omnibus

158 3383 321 3454 Judaeum
342 3404 445 3469 genus
465 3380 562 3468 longe
581 3383 634 3448 est
652 3382 835 3469 antiquius,
860 3381 952 3448 ouius
976 3377 1213 3469 philosophiam
1241 3367 1358 3460 seriptis

158 3487 346 3556 mandatam
367 3487 443 3552 ante
464 3481 624 3550 Graecam
643 3505 716 3550 esse
735 3485 846 3552 numm
873 3482 1004 3571 copiose
1022 3481 1260 3550 demonstravit
1277 3467 1358 3544 Philo

158 3589 397 3678 Pythagoreus,
417 3585 594 3674 quinetiam
609 3585 820 3662 Aristobulus
840 3584 1089 3675 Peripateticus,
1110 3583 1176 3650 alii.
1218 3574 1356 3670 Apertio-

159 3693 239 3760 sime
254 3693 363 3758 autem
377 3687 620 3776 Megasthenes,
636 3687 777 3773 quicum
793 3689 929 3758 Seleuco
942 3687 1096 3757 Nicatore
1103 3686 1203 3770 ,vixit
1217 3685 1251 3752 in
1264 3693 1356 3748 rerum

159 3795 351 3865 Judioarum
365 3791 388 3858 l.
402 3790 502 3858 tertio
516 3790 630 3858 scribit
647 3789 743 3860 haec:
766 3790 911 3870 „Omnia
931 3791 1070 3881 quidem,
1091 3811 1174 3876 quae
1193 3789 1233 3856 de
1252 3783 1356 3852 natura

159 3899 248 3966 dicta
262 3897 341 3965 sunt
355 3917 375 3962 a
389 3893 564 3971 veteribus,
578 3893 732 3962 dicuntur
750 3895 850 3962 etiam
870 3894 912 3964 ab
931 3895 990 3970 eis,
1010 3892 1066 3980 qui
1086 3893 1180 3960 extra
1201 3880 1356 3994 Graecia}n

159 3997 438 4090 philosophantur,
454 3995 574 4086 partim
594 3995 682 4084 apud
700 3996 806 4064 «Indos
822 3995 1081 4076 aBraohma'nis,
1103 3993 1222 4084 partim
1241 4005 1312 4057 uero
1327 3995 1354 4094 {¹¹

161 4103 258 4191 Syria
272 4101 313 4168 ah
328 4101 387 4179 eis,
402 4099 458 4186 qui
472 4101 630 4166 vocantur
644 4099 668 4167 J
669 4099 798 4167 udaei.“
819 4101 928 4169 Multa
942 4120 1018 4167 vero
1033 4096 1097 4163 alia
1111 4096 1174 4164 huc
1189 4081 1355 4184 spectantla

132 4269 133 4272 ,
159 4204 278 4272 fabulis
292 4203 389 4270 nimia
404 4201 579 4270 obscurata
594 4207 672 4270 suut
682 4207 723 4288 1).

223 4306 292 4374 Nec
311 4328 387 4374 vero
407 4304 629 4396 philosophiae
648 4306 768 4384 solum,
795 4305 851 4372 sed
871 4302 1013 4370 omnium
1031 4299 1100 4389 iere
1119 4297 1239 4367 artium
1255 4289 1353 4396 intel}-

159 4413 248 4478 tores
268 4407 413 4476 barbari:
437 4409 645 4498 Astrologiae
667 4411 702 4478 et
727 4405 932 4476 Geometriae
957 4401 1117 4494 Aegyptii
1141 4404 1177 4472 et
1199 4387 1351 4469 Chaldaei

158 4549 361 4564 *nn-—

212 4635 239 4704 ¹)
256 4651 282 4704 p.
293 4633 441 4693 ees-aul.
