2830 5052
741 317 803 382 106
844 341 847 348 ¹

174 502 392 593 improbitatis
409 501 555 570 seientia.
598 501 711 590 ltaque
724 505 941 593 eloquentiam
954 443 1102 594 addictam
1112 505 1363 585 nimisseeteher,

174 608 231 674 sed
246 607 425 692 cogitatum
439 605 600 674 indicasse
615 607 678 674 erit
692 608 785 674 satis.
832 609 962 676 Servari
977 608 1062 676 enim
1077 611 1113 676 et
1126 609 1183 687 aa,
1197 611 1254 696 qui
1267 610 1365 676 volunt

171 711 303 788 servari,
318 729 413 796 opem
426 705 520 786 ferre,
537 709 694 797 optimum
708 714 772 787 est,
786 731 846 780 neo
860 733 937 782 vero
950 709 1102 796 loquendi
1121 711 1285 791 formulas,
1303 715 1363 798 tan-

168 837 266 900 quam
285 813 483 889 ornamenta
505 815 704 899 componere.
749 813 843 896 Quae
868 815 978 880 autem
1003 813 1100 880 Plato
1124 813 1159 879 in
1183 811 1318 882 Politieo
1339 815 1381 880 et‘

168 916 347 982 Theaeteto
366 914 406 980 de
425 908 642 981 locutionibus
668 915 945 984 artificiosioribns
966 915 1126 1004 praeripit
1145 916 1314 995 evitandis,
1335 937 1365 982 ea

166 1017 355 1084 brevissime
380 1016 416 1082 S.
443 1016 614 1104 Scriptura
639 1019 686 1084 sie
709 1019 823 1086 habet:
856 1017 914 1084 Ne
940 1019 1106 1084 multum
1134 1018 1308 1086 verseris
1336 1018 1364 1083 in

166 1119 312 1188 verbis.
355 1117 469 1185 Diotio
482 1120 567 1186 euim
587 1120 678 1186 velut
702 1121 846 1210 eorporis
866 1122 980 1200 vestis,
1004 1141 1057 1197 res
1078 1125 1187 1202 autem
1214 1119 1322 1188 omnes
1338 1123 1365 1186 et

168 1222 269 1290 nervi.
314 1221 412 1304 Quod
431 1221 534 1309 igitur
553 1222 587 1288 in
608 1223 765 1290 vestitum
788 1224 1000 1302 luxuriosum,
1024 1223 1087 1290 hoo
1101 1221 1212 1290 leram
1236 1224 1320 1291 eadit
1339 1223 1364 1288 iu

168 1325 347 1393 orationem
360 1323 457 1390 nimis
472 1326 632 1390 ornatam.
668 1323 701 1390 N
703 1345 740 1392 eo
752 1347 829 1394 vere
843 1326 967 1394 urbana
981 1329 1035 1394 ert
1048 1327 1163 1406 oratio,
1176 1349 1266 1413 quaa
1274 1325 1364 1412 magis

169 1429 210 1494 ad
221 1427 446 1494 delectandum
461 1427 576 1494 idonea
590 1428 652 1505 est,
674 1448 770 1514 qnam
791 1429 1018 1502 adiuuandum.
1044 1459 1047 1470 ¹
1061 1429 1244 1496 Veritatem
1257 1429 1364 1496 diaeum

168 1551 276 1619 perse
296 1532 349 1596 est
369 1528 604 1596 difficillimum.
647 1527 697 1596 Ne
717 1531 790 1617 quis
810 1552 904 1620 ergo,
930 1532 1033 1618 quasi
1049 1528 1168 1598 multos
1194 1531 1363 1606 allecturus,

131 1709 133 1718 ,
168 1655 289 1700 vanum
303 1631 430 1700 dicendi
445 1631 567 1720 gloriae
582 1632 726 1700 studium
741 1635 932 1702 aemuletur.
977 1633 1073 1702 Unus
1088 1633 1365 1723 gnostieoauditor

165 1735 336 1821 sufficia).
1160 1737 1163 1743 '

232 1838 298 1906 Sed
312 1837 377 1902 iam
391 1836 433 1902 ad
451 1835 622 1902 veritatem
637 1835 831 1904 edocendam
844 1839 980 1928 propius
993 1835 1194 1906 aoeedainus.
1216 1871 1218 1878 ¹
1253 1839 1256 1845 ’

233 1941 327 2008 Haeo
346 1937 450 2026 igitur
465 1961 531 2006 non
550 1941 603 2004 ert
624 1939 784 2029 sapientia
798 1941 895 2008 huius
916 1944 1043 2022 mnndi,
1060 1939 1155 2029 'quaa
1172 1943 1230 2009 est
1242 1936 1364 2008 stultitia

38 2077 41 2089 ·
169 2045 280 2134 potius
300 2041 388 2132 apud
407 2041 514 2120 deum,
534 2041 692 2110 eiusmodi
717 2043 927 2132 „sapientum
948 2044 1163 2134 eogitatioues
1183 2043 1363 2132 eognuseen·

167 2151 244 2226 tem,
261 2145 463 2233 quadranae
479 2148 594 2212 sunt.“
604 2133 684 2213 'Sed
700 2169 739 2212 ea
754 2147 823 2214 sola
837 2150 891 2214 est
904 2147 1074 2236 sapientia,
1090 2147 1267 2234 quadeum'
1281 2164 1362 2232 ugnu-

169 2250 300 2326 seimus,
315 2245 730 2329 misericordem,'iudieem,
751 2251 899 2318 iustitiae
917 2241 1060 2318 fontem.¹
1096 2245 1270 2338 Sapientia
1286 2245 1364 2312 huius

169 2352 281 2418 mundi
306 2351 417 2417 autem
442 2351 645 2441 philosophia
669 2353 865 2440 intelligitur
884 2353 1056 2442 Epicurea,
1082 2373 1157 2440 qna,
1181 2345 1366 2441 prouidentia

170 2455 310 2532 sublata,
325 2453 507 2520 iudeorum
521 2471 690 2524 numerum
704 2457 844 2524 refertur
858 2457 1025 2544 voluptas3
1039 2458 1085 2534 ¹et
1103 2455 1131 2521 si
1151 2474 1218 2542 qua
1231 2453 1295 2520 alia
1311 2446 1364 2538 phi·

166 2556 314 2644 Iosophia
329 2555 438 2622 divino
448 2555 554 2638 ,afficit
567 2558 686 2626 honore
701 2559 869 2637 elementa,
885 2579 1020 2644 quorum
1040 2559 1148 2626 neseit
1166 2553 1298 2624 densam
1311 2551 1364 2620 elfi-

168 2660 320 2738 cientem,
335 2681 395 2726 neu
409 2659 499 2726 videt
513 2661 683 2749 opiiioem3¹
701 2661 779 2747 quin
793 2661 896 2728 etiam
908 2661 1030 2740 Stoica,
1053 2681 1139 2748 quae
1154 2660 1264 2738 deum,
1284 2675 1364 2745 quum

60 2760 65 2766 ’
172 2762 217 2828 sit
231 2783 359 2849 eorpus,
374 2783 433 2850 per
446 2760 636 2848 vilissimam
661 2763 846 2852 pervasisse
865 2765 1034 2830 materiam
1053 2759 1159 2831 dooet.
1204 2763 1256 2829 Ut
1273 2761 1365 2827 autem

169 2863 334 2940 adrerum
349 2865 574 2952 perveniamus
590 2866 793 2955 sapientiam,
809 2887 891 2956 opus
907 2869 960 2934 est
979 2867 1098 2934 labore.
1142 2865 1279 2932 Minime
1298 2859 1365 2930 enin

171 2967 283 3056 Logor
299 2966 439 3034 otiosum
455 2969 614 3036 vulterre
628 2967 822 3048 credentem,
839 2969 897 3036 red
911 2970 1129 3056 „quaerite‚
1151 2969 1270 3056 inquit,
1285 2968 1317 3032 et
1327 2961 1364 3028 in·

50 3161 55 3166 .
171 3072 344 3140 venietis.“
378 3069 445 3138 Sed
458 3073 701 3159 inquisitionem
714 3073 871 3138 terminat
883 3071 1078 3162 inventione,
1093 3075 1242 3139 retentes
1256 3067 1366 3158 quiden

169 3197 275 3262 nugas
290 3173 465 3261 expellens,
481 3175 701 3259 doetrinam2)
718 3173 838 3253 autem,
854 3197 919 3262 qua
931 3163 1012 3241 fides
1026 3171 1246 3255 oonfirmatur,
1265 3189 1364 3261 appro

169 3377 401 3466 probabilitate
421 3379 612 3455 sermonis,“
632 3383 672 3446 ut
691 3381 762 3466 qui,
789 3403 871 3466 quae
891 3403 911 3446 a
928 3375 1164 3468 deripientibus
1190 3374 1368 3466 quibusdan

169 3475 332 3558 dicuntur,
344 3481 525 3548 discernere
539 3480 728 3559 didiceritis,
750 3481 872 3568 eisque,
890 3505 973 3568 qnae
991 3481 1197 3560 ohiioiuntur,
1218 3492 1367 3548 ooourrere

170 3583 243 3650 sitis
259 3581 371 3650 doeth·
401 3581 469 3649 Sed
482 3586 521 3650 ut
536 3583 577 3649 ad
592 3603 712 3667 veram,
733 3602 816 3669 quae
837 3582 1005 3652 Christum
1026 3583 1183 3671 sequitur,
1203 3579 1366 3650 doctrinam

169 3690 384 3754 revertamur:
407 3685 487 3753 haee
506 3707 605 3774 quum
626 3685 721 3752 deum
744 3684 853 3752 huius«
866 3687 977 3754 mundi
1001 3688 1148 3776 opifiuem
1172 3685 1285 3762 habet,
1308 3683 1365 3746 rum

96 3823 102 3832 ·
169 3789 406 3878 providentiam
421 3790 491 3856 eius
504 3790 605 3856 relert
619 3789 661 3855 a‘d
675 3811 727 3855 res
744 3781 907 3876 singulam
922 3790 1153 3856 elementorum
1163 3791 1272 3854 autem
1282 3783 1365 3852 talem

154 3893 262 3962 novit
273 3913 345 3960 esse
359 3895 521 3970 naturam,
536 3892 623 3959 utin
637 3913 708 3959 eam
722 3894 758 3958 et
772 3896 863 3959 ortus
884 3891 980 3960 eadat
1000 3895 1099 3979 atqua
1118 3889 1272 3968 murrum
1293 3885 1365 3953 vilse

170 3996 308 4083 denique
326 3995 424 4062 finem
443 3993 539 4060 dooet
557 3995 609 4061 dei
636 3993 889 4070 similitudinem.
932 3993 1005 4063 Non
1030 4013 1108 4082 erge
1125 3991 1167 4060 ¹in
1187 4015 1264 4062 vera
1287 3983 1365 4055 erant

137 4163 141 4170 ,
170 4099 318 4168 doctrina
331 4097 514 4188 philosophi
528 4093 575 4162 illi
591 4095 790 4166 Graecorum
804 4103 942 4180 veteres,
954 4096 1008 4184 qui
1021 4095 1189 4176 elementa,
1199 4093 1364 4181 velignea,

550 4206 564 4243 h

168 4263 371 4284 -a—-nl—

225 4374 235 4406 1
361 4402 393 4415 -

224 4375 253 4526 ²}
270 4374 490 4530 Itisiiihr'oiibhoe
506 4459 575 4528 loeo,
599 4461 675 4513 modo
697 4459 891 4527 oppositionemr
909 4449 1007 4526 καινὴν
1019 4449 1123 4524 (κενὴν)
1143 4453 1280 4526 φλυαρίαν
1298 4445 1365 4502 consi·

171 4547 299 4598 duraveris
311 4562 366 4613 nee,
384 4549 445 4614 quid
457 4551 674 4600 demonstraturus
691 4546 725 4596 sit
741 4544 864 4608 Clemens,
879 4539 931 4596 imo
947 4559 1010 4612 quae
1032 4543 1149 4610 deineeps
1164 4546 1249 4604 statim
1265 4535 1364 4604 explicet

170 4631 321 4700 neglexeris,
333 4649 385 4688 non
398 4634 575 4704 mauseolum
587 4647 649 4699 esse,
662 4633 706 4684 red
718 4631 865 4697 doctrinam,
876 4629 1012 4700 ,ltlllenlda
1024 4628 1148 4700 Struit?
1161 4671 1168 4680 ·
1257 4692 1260 4700 ,

60 3277 68 3282 ’
169 3277 261 3342 bans.
305 3276 537 3355 ,‚Hoe‘autem,
559 3275 818 3366 aitApostolus,
840 3277 922 3355 dieo,
948 3277 1077 3364 nequis
1101 3300 1160 3344 vos
1184 3267 1366 3365 dee'ipiatiss
1403 3289 1404 3298 ¹
