2972 5048
627 395 630 403 .
699 343 742 408 m

117 531 309 608 miseretur,
320 527 475 618 castigat,
488 525 650 611 hortatur,
661 529 823 610 admonet,
834 529 974 609 redimit,
985 529 1130 600 eustodit
1140 531 1335 600 meroedsm-

110 655 177 720 que
198 630 392 722 disciplinae
412 629 647 713 abundantem,
676 657 813 722 regnmu
831 633 992 700 ooelorum
1010 633 1184 720 promittit.
1213 635 1335 718 'Quem
1374 677 1377 684 ·

112 733 313 822 nutemipre
323 733 399 800 inde
413 733 561 812 tructam
581 736 737 825 percipit?
773 735 877 814 Nihil,
902 735 966 802 nisi
984 735 1150 822 gaudium,
1172 739 1261 823 quod,
1274 761 1334 806 nos

116 835 306 902 rediminnr.
352 833 483 902 Malitia
502 836 589 903 enim
613 836 778 906 hominurn
797 837 1004 904 frandulenta
1025 837 1172 925 pasoitur
1190 837 1335 926 ipsorum

124 938 280 1016 interitu3
300 937 423 1006 ueritas
438 941 548 1006 autem
561 938 709 1019 honesta,
728 940 830 1008 veluti
844 941 927 1028 apis,
953 961 994 1006 ne
1013 940 1180 1016 minimum
1205 941 1334 1026 quidem

117 1063 240 1120 eornm,
256 1062 341 1128 qnae
353 1044 441 1118 sunt,
455 1041 589 1108 interire
599 1045 739 1131 patiens,
753 1046 888 1132 propter
903 1041 1003 1128 solam
1018 1042 1182 1110 hominum
1197 1043 1335 1112 salutem

110 1142 392 1214 laetitiaexultet.
422 1143 486 1222 En,
501 1141 602 1212 habes
616 1145 873 1236 promissionem,
887 1143 987 1212 habes
1002 1144 1252 1212 humanitatem!
1267 1144 1336 1222 Fae
1471 1175 1472 1178 ¹

111 1248 174 1316 fias
190 1245 340 1334 graetiae
353 1245 533 1336 particeps!

182 1347 237 1417 Ne
268 1351 379 1416 temen
401 1348 564 1416 nentioum
579 1349 746 1418 ,redimens
771 1371 877 1418 meum
897 1349 945 1416 ita
970 1367 1089 1418 novum
1111 1349 1174 1416 dici
1194 1349 1336 1438 opinere,

112 1451 390 1542 quemadmodum
403 1473 461 1519 vas
476 1452 607 1539 aliquod
620 1451 672 1518 vel
682 1453 822 1520 domum.
861 1451 946 1519 Erat
959 1453 1045 1518 enim
1060 1455 1136 1519 ante
1150 1452 1317 1520 luciferum
1325 1477 1335 1531 ;

115 1559 152 1624 in
167 1554 380 1647 principio
401 1558 489 1624 erat
509 1554 689 1624 Verbum.
719 1549 816 1638 Quod
827 1557 936 1622 autem
949 1554 1036 1620 nuno
1050 1577 1167 1620 nomen
1180 1555 1336 1644 adeptum
1471 1531 1472 1556 ³

110 1663 164 1728 'est
175 1681 314 1735 novum,
327 1653 450 1724 Christi
459 1679 586 1738 nomen,
601 1659 763 1726 oantioum
774 1659 864 1738 illud,
881 1659 1120 1745 quodomnium
1132 1657 1336 1746 rerumprin-

112 1763 238 1852 oipium
250 1759 399 1826 divinum
414 1762 450 1828 et
463 1761 660 1840 erat‘et'est,
676 1765 825 1828 sanetum
838 1761 880 1828 ab
894 1762 999 1839 initio,
1013 1762 1181 1850 potestate
1189 1759 1335 1846 dignum,
1436 1769 1445 1778 ‘

115 1865 359 1932 amevooatur
371 1883 501 1932 novum.
546 1863 642 1947 Quod
657 1869 766 1932 autem
781 1863 925 1932 Verbum
940 1867 975 1931 et
989 1863 1158 1948 antiquum
1169 1865 1204 1928 et
1216 1883 1336 1932 novum
1471 1947 1472 1958 ἵ

120 1972 186 2046 est,
202 1965 359 2056 duplieem
373 1965 441 2032 rim
460 1971 600 2034 exercet.
642 1967 726 2033 Nam
747 1991 846 2058 quum
861 1969 950 2034 esset
968 1967 1003 2032 in
1030 1965 1101 2044 deo,
1121 1964 1229 2032 effecit
1247 1964 1335 2046 olim,

86 2133 93 2147 ,
120 2071 160 2134 nt
173 2089 336 2148 essemus3
349 2072 436 2135 nuno
450 2073 573 2152 antem,
586 2073 759 2158 postquam
771 2069 931 2159 apperuit,
946 2071 981 2136 in
992 2091 1092 2136 eausa
1105 2071 1169 2146 est,
1184 2069 1223 2132 ut
1236 2068 1336 2138 etiam

37 2229 44 2246 ,
120 2172 214 2238 bene
229 2171 343 2248 simus,
360 2171 415 2256 qni
427 2171 514 2238 solus
524 2174 560 2237 et
574 2171 654 2238 deus
664 2173 804 2238 ethome
814 2173 875 2247 est,
890 2171 1047 2238 bonorum
1058 2173 1172 2236 auotor
1182 2169 1334 2236 omnium.

115 2269 147 2340 A
161 2295 229 2361 ‘1¹¹⁰
238 2293 338 2364 {³⁰³0
352 2276 439 2340 mie
453 2273 561 2342 vivere
574 2259 756 2352 didicimus,
772 2275 813 2340 ab
827 2275 900 2362 ipso
914 2274 1013 2340 etiam
1033 2270 1287 2341 transmittimur
1301 2273 1336 2338 in
1424 2325 1428 2334 ,
1471 2253 1472 2276 ³

115 2377 412 2446 vitemaetornam.
454 2375 568 2443 Vitam
583 2377 674 2444 dedit
690 2378 784 2444 initio
798 2380 837 2444 ut
850 2378 992 2453 oreator3
1021 2378 1130 2442 recte
1149 2375 1257 2442 vivere
1276 2375 1335 2440 do.
1471 2425 1472 2436 ,

115 2481 195 2558 uuit,
219 2501 322 2566 quum
336 2478 543 2568 apparuisset
560 2482 605 2546 ut
613 2479 742 2559 doctor,
762 2479 865 2546 vitam
880 2482 1044 2546 aeternam
1063 2481 1180 2566 postea
1197 2481 1237 2544 ut
1255 2479 1335 2545 deus

113 2583 307 2672 hrgiturus.
349 2632 353 2642 .
806 2636 810 2644 ,

183 2685 255 2754 Sed
265 2683 352 2750 unde
366 2683 487 2750 malum
500 2683 535 2750 in
549 2683 609 2752 hoo
623 2685 765 2752 mundo?
794 2685 851 2752 Ab
864 2707 929 2751 uno
943 2705 1092 2770 nequam,
1110 2677 1336 2771 serpentem,

114 2786 372 2878 praestigiarum
393 2785 506 2875 pleno,
534 2787 590 2872 qui
613 2787 717 2854 adhue
741 2786 886 2854 homines
913 2787 1064 2854 servituti
1084 2786 1187 2852 tradit
1205 2788 1240 2850 et
1259 2807 1336 2850 oon-

113 2891 281 2968 tumeliae,
305 2888 401 2956 initio
415 2892 525 2956 autem
541 2889 644 2956 Evam
662 2889 775 2956 fraude
795 2890 931 2978 decepit.
976 2889 1072 2956 Unde
1089 2911 1171 2956 ,vero
1197 2888 1336 2960 bonum?

110 2994 169 3071 ‚Ab
184 3015 254 3060 uno
269 2991 446 3082 eodemque
459 2991 608 3058 adiutore
627 2994 662 3058 et
674 2993 803 3058 rindioe
816 2996 939 3060 nostro.
984 2993 1050 3074 Qui
1065 2991 1168 3078 primo
1188 3005 1336 3078 perpro-

116 3097 234 3186 phetas
252 3095 392 3161 salntem
407 3117 507 3182 quum
521 3094 809 3182 praenuntiaverit,
833 3117 919 3160 nuno
931 3098 1043 3182 aperte
1059 3094 1100 3158 ad
1120 3115 1191 3160 eam
1205 3093 1335 3158 invitat.

120 3199 303 3288 Fagiamns
313 3196 432 3285 igitur,
453 3196 1107 3286 Apostolioae'admonitioniobedientesz
1135 3193 1337 3282 „prinoipem

115 3299 295 3391 potestatis
310 3299 394 3366 neris
408 3299 521 3378 huius;
545 3299 692 3388 spiritus,
708 3299 763 3386 qui
776 3322 863 3366 nuno
876 3304 1031 3388 operatur
1044 3299 1079 3366 in
1089 3297 1172 3368 filios
1187 3297 1335 3364 diffidon-
1387 3373 1389 3377 v
1444 3367 1452 3400 Ι

79 3431 85 3441 ’
116 3405 222 3482 tieo,“
246 3405 453 3480 aoourrentes
468 3401 511 3468 ad
524 3403 773 3492 Redemptorem
789 3395 964 3481 dominum,
983 3402 1040 3492 qui
1054 3422 1141 3468 nuno
1159 3403 1195 3467 et
1210 3421 1338 3490 semper

113 3508 157 3576 ad
193 3505 335 3573 satutem
369 3505 590 3592 arripiendam
614 3505 765 3572 hortatur
794 3522 852 3593 per
883 3505 1032 3592 prodigia
1062 3505 1219 3590 signaque
1243 3506 1279 3572 et
1302 3503 1337 3573 in

115 3611 277 3697 Aegypto
291 3610 326 3674 et
338 3608 374 3674 in
388 3609 536 3684 desert03
557 3631 615 3696 per
629 3608 745 3676 rubum
766 3595 801 3674 et
814 3607 948 3692 nubem,
979 3607 1113 3675 aneillae
1131 3607 1252 3684 instar,
1279 3603 1336 3670 be·

111 3711 293 3800 nignitatia
307 3710 416 3798 'g'ratie
431 3710 558 3778 divinae
578 3711 614 3778 in
632 3711 793 3789 homines,
816 3709 985 3778 Hebraeos
1007 3709 1204 3778 comitatam.
1240 3707 1336 3774 ‘Hor-
1457 3731 1462 3762 ι

119 3816 210 3882 tatur
222 3815 335 3882 autem
348 3811 574 3880 multifariam:
596 3813 790 3892 minitando,
810 3813 987 3902 plorando,
1003 3809 1220 3886 admonendo,
1240 3807 1337 3896 puni-
1425 3817 1427 3822 ’

115 3917 214 3996 endo,
224 3914 422 3984 miserendo.
465 3914 530 3982 Per
544 3914 638 4002 signe
649 3915 808 4005 loquitur3
830 3917 864 3985 in
879 3937 935 3984 ore
949 3919 1001 3982 est
1015 3914 1255 4004 prophetarum,
1270 3909 1335 3976 imo

117 4017 305 4110 ipsehomo
327 4022 464 4108 apparet
482 4017 664 4086 misericors
684 4019 780 4096 deus,
805 4023 930 4088 utnon
956 4017 1130 4085 credidisse
1149 4017 1184 4080 te
1202 4012 1335 4102 pudeat

116 4121 234 4211 dpaum
248 4120 301 4188 dei
315 4120 460 4191 Verbum
474 4120 571 4188 homo
584 4120 705 4188 ieotum
720 4125 782 4200 est,
798 4125 837 4189 ut
850 4122 892 4190 ab
904 4119 1032 4189 homine
1043 4113 1161 4196 diseas,
1176 4115 1336 4204 quomodo

120 4223 215 4294 homo
228 4223 300 4291 'fiat
316 4223 409 4292 deus.
454 4220 524 4291 Cur
543 4223 695 4292 dubites?
720 4225 810 4292 Audi
827 4245 937 4292 vocem
958 4223 984 4292 J
984 4221 1097 4288 oannis
1115 4217 1335 4310 praeuareorie

121 4325 410 4419 trm‘rohementer
430 4325 629 4405 hortantem,
650 4327 844 4396 elementem
859 4327 893 4392 in
908 4325 1046 4402 deserto,
1068 4324 1159 4392 ouius
1174 4325 1265 4390 odota
1283 4322 1336 4388 est

123 4429 216 4516 qua'si
238 4431 323 4515 φωνὴ
338 4431 557 4517 προτρεπτική,
580 4449 677 4514 quam
697 4433 797 4516 auget
811 4429 909 4495 etiam
925 4427 1044 4514 Angeli
1060 4449 1137 4505 vox,
1161 4423 1217 4512 qui
1232 4421 1336 4490 sterili
1471 4461 1472 4486 3

123 4531 255 4598 nuntiat
266 4529 479 4610 fertilitatem.
522 4531 618 4600 Duae
633 4534 742 4600 eutem
757 4531 817 4598 hae
838 4553 934 4599 voees
949 4529 1169 4598 clamaverunt
1182 4528 1259 4595 ante
1273 4524 1330 4592 do-

125 4633 202 4702 mini
218 4632 403 4714 adventum,
426 4636 467 4702 ut
489 4633 587 4705 iustis
606 4634 743 4727 pieoulis
760 4636 877 4729 parati,
898 4625 1333 4720 nonlaureetinequesertie
