2830 5052
743 309 807 377 154

163 495 334 576 carnali,
358 493 462 562 sed
452 517 493 562 ιιι
512 495 646 582 gratia
667 496 729 562 dai
750 494 979 564 conversati
1006 517 1139 562 sumus
1160 495 1201 562 in
1226 499 1359 566 mundo.

164 592 384 668 Communem
387 597 577 664 autemfidei
587 583 952 718 doctrinamApostolus
962 597 1117 664 odorem
1132 597 1359 684 cognitionis

162 701 302 772 vocavit
331 701 413 768 Sed
439 703 517 766 sunt
547 700 646 766 etiam
668 701 826 790 quibus
815 725 855 768 ιιι
876 685 1111 767 hodiernbm
1131 723 1255 786 usque
1276 702 1360 768 diem

161 804 263 872 idem
278 801 428 868 velum
419 825 459 867 ιιι
472 801 808 874 lectionavet‘eris
822 802 1074 870 Testamenti
1087 806 1237 882 manet,
1250 825 1359 870 nonre-

161 905 305 973 velatum
322 905 528 972 conversione
538 906 580 970 ad
590 905 778 984 Dominum,
791 930 847 995 qus
836 905 973 972 ιιιιιιιι
983 905 1088 972 adbuc
1098 903 1276 973 libidinose.
1300 906 1360 974 Ma·

160 1007 316 1074 niiestum
332 1009 384 1072 est
394 1010 504 1074 autem
514 1007 626 1073 multis
642 1031 683 1074 ex
696 1009 786 1086 locis,
802 1009 844 1075 ab
855 1007 1018 1096 Apostolo
1032 1009 1068 1074 et
1077 1007 1238 1073 iustorum
1249 1008 1360 1075 Veteris

161 1110 270 1186 Test,
300 1111 335 1174 et
353 1112 498 1176 nostram
525 1109 663 1176 salutem
682 1111 822 1198 intelligi
843 1112 877 1177 in
895 1107 1029 1177 Christo
1054 1132 1152 1176 unam
1171 1111 1360 1200 eandemque.

73 1215 79 1225 '
162 1211 371 1300 Quapropter
383 1212 418 1278 in
433 1213 474 1279 V.
490 1212 528 1278 Τ.
543 1211 642 1276 etiam
662 1213 789 1290 eadem,
812 1215 910 1298 atque
924 1215 1047 1290 nostra,
1063 1212 1103 1278 de
1123 1213 1280 1299 martyrib
1299 1213 1360 1277 doc·

157 1315 246 1380 trina
259 1313 408 1382 occurrit.
450 1311 496 1378 Et
510 1313 687 1401 praemium
708 1315 837 1401 quidem
856 1316 905 1382 ita
918 1315 1084 1380 laudatur:
1113 1313 1202 1406 Viai
1226 1316 1314 1378 sunt
1331 1313 1360 1378 iu

11 1439 19 1454 ·
160 1417 286 1484 oculis
302 1415 582 1504 insipientium
598 1417 712 1495 mori,
735 1421 775 1484 et
788 1419 978 1506 reputata
994 1419 1056 1482 est
1071 1416 1233 1484 vexatio
1247 1437 1359 1482 eorum

75 1569 81 1582 .
160 1520 311 1596 exitus,
340 1523 381 1584 et
407 1519 561 1584 anobis
590 1519 814 1598 discessus,
843 1519 1053 1586 contritio:
1082 1507 1143 1584 illi
1170 1541 1261 1584 vero
1283 1520 1359 1584 suot

159 1623 199 1688 in
226 1643 333 1710 pace.
375 1621 534 1688 Etenim
562 1622 596 1687 si
625 1621 665 1688 in
693 1622 821 1689 oculis
845 1621 1044 1688 hominum
1071 1621 1289 1708 suppliciis
1313 1619 1358 1686 al·

159 1723 260 1790 fecti
291 1722 461 1802 fuerint,
499 1745 589 1810 spes
627 1745 760 1790 eorum
793 1723 910 1812 plena
942 1725 1007 1788 est
1042 1723 1358 1790 immortalitatis.

159 1825 288 1892 Deinde
303 1847 378 1891 raro
393 1825 566 1911 gloriosam
587 1826 776 1912 martyrium
792 1847 865 1891 esse
878 1824 1105 1912 purgationem
1118 1825 1167 1890 ita
1180 1825 1283 1894 docet.
1318 1823 1359 1890 st

159 1927 200 1993 in
220 1927 357 2016 paucis
379 1927 561 2014 castigat
546 1927 577 1992 ti
599 1928 751 2016 magnis
774 1927 1012 1993 afficientur
1033 1927 1264 2005 beneficiis,
1284 1931 1358 2012 quo·

56 2081 58 2086 .
159 2053 262 2098 nram
285 2031 380 2096 deus
403 2029 582 2096 tentavit
602 2053 686 2110 eos
713 2031 786 2096 h..e
807 2027 1099 2116 nteosprobaret,
1124 2027 1248 2116 pudore
1268 2031 1359 2094 auten

160 2131 343 2198 afficeretur
357 2132 479 2199 Tentat
464 2136 531 2212 tor,
560 2154 614 2200 eos
639 2133 760 2200 tentari
781 2132 889 2198 sivit.
933 2131 1045 2218 Atque
1063 2133 1227 2217 martyres
1248 2131 1358 2219 quiden

160 2233 236 2300 Vct.
254 2235 344 2300 Test.
359 2238 394 2300 et
408 2206 551 2300 eiusdem
566 2233 619 2300 dei
632 2239 792 2322 martyres
808 2257 895 2312 esse,
917 2236 953 2299 et
962 2234 1109 2300 eiusdem
1119 2232 1321 2322 perfectionis
1333 2232 1359 2296 st

159 2336 302 2404 eiusdem
317 2338 461 2425 praemii,
477 2337 640 2426 praeclare
653 2337 752 2403 etiam
772 2339 868 2404 docet
888 2333 1039 2404 Clemens
1062 2337 1246 2426 Apostolus
1268 2336 1359 2424 (Apo-

160 2439 317 2504 stolorum
331 2439 534 2530 discipulus).
577 2439 725 2525 Itemque
739 2439 924 2526 gnosticum
939 2441 1098 2516 nostrum,
1113 2439 1208 2506 ouius
1223 2441 1293 2506 toto
1304 2435 1358 2503 viu

129 2577 131 2584 ·
160 2544 212 2608 est
225 2541 427 2628 martyrium,
443 2545 556 2608 nostro
569 2563 703 2630 prorsus
718 2542 813 2608 modo
823 2540 990 2623 describit,
1007 2541 1126 2630 duplex
1139 2541 1223 2608 illud
1237 2535 1358 2630 gnostici

159 2653 191 2712 et
202 2643 339 2728 docendi
354 2646 388 2710 et
402 2641 549 2722 faciendi,
566 2667 648 2730 qnae
664 2647 741 2710 sunt
755 2643 899 2721 Domini,
914 2667 1032 2710 munus
1044 2666 1221 2732 exponens.
1265 2639 1357 2728 signi-

36 2801 41 2824 ,
158 2745 237 2812 fioat
251 2733 350 2811 etiam
368 2745 585 2834 cognitionem
606 2767 678 2812 cum
698 2745 897 2812 abstinentia
917 2769 937 2810 a
957 2745 1051 2812 malis
1072 2749 1199 2814 etcum
1220 2746 1358 2814 bonorum

159 2848 356 2937 operatione,
369 2871 451 2938 quae
466 2849 653 2936 perficiatur
666 2871 763 2936 opere
777 2836 815 2915 ac
827 2869 983 2916 sermone.
1028 2847 1182 2934 Martyrii
1197 2870 1293 2937 porro
1305 2841 1357 2910 uti·

158 2951 285 3018 litatem
296 2975 360 3019 non
371 2973 443 3018 esse
455 2951 616 3040 privatam
627 2952 772 3018 ostendit
782 2953 880 3038 atque
893 2952 1087 3040 separatam,
1100 2939 1358 3038 sedcomprunem.

158 3053 311 3134 „Deeora
332 3054 367 3120 et
381 3060 473 3122 casta
491 3057 541 3122 vis
563 3048 694 3122 nestrae
717 3053 930 3140 benignitatis
950 3073 990 3120 ex
1013 3053 1175 3148 sententia
1196 3046 1357 3120 clementis

159 3157 325 3243 (Romani)
342 3158 470 3276 quaerit
483 3158 528 3236 id,
558 3159 644 3243 quod
659 3160 710 3223 est
725 3157 937 3223 communiter
954 3155 1045 3232 utile,
1048 3161 1070 3198 “
1094 3155 1162 3222 sire
1183 3153 1358 3242 martyrium

158 3259 300 3346 patitur,
324 3259 393 3328 sire
413 3261 509 3326 docet
527 3282 623 3348 opere
643 3262 678 3324 et
698 3280 842 3342 sermone
863 3279 965 3344 eoque
986 3256 1123 3345 duplici.
1150 3280 1217 3324 non
1242 3255 1357 3342 scripte,

42 3435 46 3446 ¹
158 3361 194 3426 et
209 3360 345 3528 scriptot
382 3361 540 3428 Haecest
554 3363 689 3427 caritas:
705 3361 838 3448 diligere
852 3361 949 3440 deum
963 3363 998 3426 et
1011 3359 1201 3448 proximum.
1238 3359 1358 3466 aspro

158 3461 244 3529 fecto
264 3463 383 3529 caritas
403 3465 501 3531 debet
485 3467 592 3530 tesso
612 3463 759 3550 martyrii
784 3485 883 3528 causa
902 3462 1062 3542 efficiens,
1091 3485 1225 3530 movens
1245 3439 1359 3526 minine

158 3587 235 3632 vero
265 3565 413 3633 odium
403 3589 438 3631 m
462 3563 660 3632 Creatorem
696 3563 929 3646 Quamobrem
954 3565 1136 3652 Apostolus
1155 3565 1292 3632 Paulus:
1325 3553 1359 3624 Si

158 3690 303 3756 corpus
330 3689 468 3744 meum,
495 3667 618 3753 inquit,
587 3666 875 3746 ttradidero,
903 3667 1111 3734 caritatem
1139 3669 1358 3737 autemnon

157 3769 336 3848 babeam,
360 3792 443 3834 sum
465 3791 530 3835 aes
552 3791 744 3834 resonans
769 3771 809 3834 et
828 3769 1046 3872 cymbalum
1067 3768 1258 3836 tinniens
1298 3757 1358 3831 Nisi

158 3873 328 3940 affectione
343 3871 455 3948 aleca
471 3869 588 3957 inquit,
604 3869 741 3938 caritate
760 3872 911 3956 gnostma
922 3871 1114 3958 martynum
1135 3891 1252 3958 passus
1271 3867 1356 3935 fuero,

158 3977 215 4041 sed
228 3977 362 4064 propter
376 3977 443 4038 met
444 3994 499 4037 um
513 3973 596 4066 forte
616 3975 650 4039 et
665 3995 722 4060 spe
735 3977 942 4062 exspectatae
955 3973 1112 4040 mercedis
1132 3973 1223 4040 labra
1241 3983 1356 4036 movens

158 4077 201 4143 ad
221 4077 444 4143 testimonium
466 4055 556 4142 luero
577 4078 744 4142 confessus
759 4075 951 4144 Dominum·
974 4078 1069 4143 homo
1089 4099 1161 4142 sum
1185 4067 1357 4142 communis

158 4177 336 4245 Dominum
360 4199 531 4256 resonans,
562 4201 626 4245 non
651 4199 859 4264 cognoscens.
905 4177 1036 4246 Caritas
1065 4178 1234 4245 animiam
1255 4166 1357 4262 prioris

159 4279 250 4348 Test.
265 4285 373 4352 metus
387 4281 493 4348 locum
504 4280 642 4348 obtinet.
684 4281 807 4350 Differt
820 4283 922 4370 igitur
935 4283 969 4349 id
985 4281 1070 4368 quod
1084 4283 1174 4347 metu
1186 4279 1302 4344 factum
1315 4267 1357 4335 est

159 4405 257 4472 quam
279 4384 417 4451 maxisne
432 4384 473 4450 ab
488 4405 542 4464 eo,
572 4383 659 4472 quod
677 4383 717 4450 fit
735 4383 880 4452 caritate.
923 4385 1039 4472 Itaque
1054 4368 1356 4472 praemraetsernd1

159 4509 269 4554 versa·
292 4487 476 4574 gnosticum
491 4486 631 4577 quidem,
643 4510 700 4574 qur
688 4487 848 4554 caritate
862 4487 943 4574 agit,
958 4511 998 4554 ea
1008 4489 1154 4565 manent,
1177 4499 1273 4572 quae
1298 4488 1356 4539 n0⁰
1402 4475 1403 4560 l

160 4589 447 4670 oculusridit,
468 4611 539 4658 uec
561 4589 685 4658 auris
687 4589 869 4668 audivit,
888 4581 1355 4658 nsciooorncminisas·
1402 4567 1403 4636 l
