<?xml version="1.0" encoding="UTF-8"?>
<!DOCTYPE html PUBLIC "-//W3C//DTD XHTML 1.0 Transitional//EN"
    "http://www.w3.org/TR/xhtml1/DTD/xhtml1-transitional.dtd">
<html xmlns="http://www.w3.org/1999/xhtml" xml:lang="en" lang="en">
 <head>
  <title>
</title>
<meta http-equiv="Content-Type" content="text/html;charset=utf-8" />
  <meta name='ocr-system' content='tesseract 3.04.00' />
  <meta name='ocr-capabilities' content='ocr_page ocr_carea ocr_par ocr_line ocrx_word'/>
</head>
<body>
  <div class='ocr_page' id='page_1' title='image "./clemente00reingoog_0165.png"; bbox 0 0 2830 5054; ppageno 0'>
   <div class='ocr_carea' id='block_1_1' title="bbox 720 280 782 348">
    <p class='ocr_par' dir='ltr' id='par_1_1' title="bbox 720 280 782 348">
     <span class='ocr_line' id='line_1_1' title="bbox 720 280 782 348; baseline 0 -1"><span class='ocrx_word' id='word_1_1' title='bbox 720 280 782 348; x_wconf 73' lang='lat'><strong>152</strong></span> 
     </span>
    </p>
   </div>
   <div class='ocr_carea' id='block_1_2' title="bbox 139 465 1357 1480">
    <p class='ocr_par' dir='ltr' id='par_1_2' title="bbox 139 465 1357 1480">
     <span class='ocr_line' id='line_1_2' title="bbox 139 465 1350 564; baseline -0.006 -23"><span class='ocrx_word' id='word_1_2' title='bbox 139 494 260 564; x_wconf 79' lang='lat' dir='ltr'><strong>passus</strong></span> <span class='ocrx_word' id='word_1_3' title='bbox 286 469 396 548; x_wconf 83' lang='lat' dir='ltr'><strong>luerit,</strong></span> <span class='ocrx_word' id='word_1_4' title='bbox 418 469 552 558; x_wconf 81' lang='lat' dir='ltr'><strong>propter</strong></span> <span class='ocrx_word' id='word_1_5' title='bbox 575 467 610 532; x_wconf 92' lang='lat' dir='ltr'><strong>id</strong></span> <span class='ocrx_word' id='word_1_6' title='bbox 633 467 751 559; x_wconf 88' lang='lat' dir='ltr'><strong>ipsum,</strong></span> <span class='ocrx_word' id='word_1_7' title='bbox 777 469 864 558; x_wconf 90' lang='lat' dir='ltr'><strong>quod</strong></span> <span class='ocrx_word' id='word_1_8' title='bbox 890 466 989 562; x_wconf 74' lang='lat' dir='ltr'><strong>fuerit</strong></span> <span class='ocrx_word' id='word_1_9' title='bbox 1013 466 1152 552; x_wconf 64' lang='lat' dir='ltr'><strong>martyri</strong></span> <span class='ocrx_word' id='word_1_10' title='bbox 1183 465 1249 532; x_wconf 90' lang='lat' dir='ltr'><strong>Ubi</strong></span> <span class='ocrx_word' id='word_1_11' title='bbox 1268 465 1350 534; x_wconf 76' lang='lat' dir='ltr'><strong>nulla</strong></span> 
     </span>
     <span class='ocr_line' id='line_1_3' title="bbox 142 567 1350 664; baseline -0.007 -22"><span class='ocrx_word' id='word_1_12' title='bbox 142 575 288 664; x_wconf 85' lang='lat' dir='ltr'><strong>libertas,</strong></span> <span class='ocrx_word' id='word_1_13' title='bbox 303 573 348 641; x_wconf 92' lang='lat' dir='ltr'><strong>ibi</strong></span> <span class='ocrx_word' id='word_1_14' title='bbox 363 595 404 638; x_wconf 88' lang='lat' dir='ltr'><strong>ne</strong></span> <span class='ocrx_word' id='word_1_15' title='bbox 418 593 540 638; x_wconf 88' lang='lat' dir='ltr'><strong>meroes</strong></span> <span class='ocrx_word' id='word_1_16' title='bbox 556 571 694 656; x_wconf 90' lang='lat' dir='ltr'><strong>quidem.</strong></span> <span class='ocrx_word' id='word_1_17' title='bbox 717 569 785 635; x_wconf 84' lang='lat' dir='ltr'><strong>Neo</strong></span> <span class='ocrx_word' id='word_1_18' title='bbox 799 591 875 636; x_wconf 85' lang='lat' dir='ltr'><strong>vero</strong></span> <span class='ocrx_word' id='word_1_19' title='bbox 888 568 1203 656; x_wconf 84' lang='lat' dir='ltr'><strong>nogitProvi&#39;dentia,</strong></span> <span class='ocrx_word' id='word_1_20' title='bbox 1217 567 1273 634; x_wconf 91' lang='lat' dir='ltr'><strong>sed</strong></span> <span class='ocrx_word' id='word_1_21' title='bbox 1284 571 1350 634; x_wconf 88' lang='lat' dir='ltr'><strong>ten-</strong></span> 
     </span>
     <span class='ocr_line' id='line_1_4' title="bbox 142 669 1351 766; baseline -0.008 -23"><span class='ocrx_word' id='word_1_22' title='bbox 142 680 195 757; x_wconf 83' lang='lat' dir='ltr'><strong>tat</strong></span> <span class='ocrx_word' id='word_1_23' title='bbox 210 675 367 754; x_wconf 90' lang='lat' dir='ltr'><strong>diabolus,</strong></span> <span class='ocrx_word' id='word_1_24' title='bbox 384 675 451 766; x_wconf 91' lang='lat' dir='ltr'><strong>qui,</strong></span> <span class='ocrx_word' id='word_1_25' title='bbox 471 669 583 762; x_wconf 88' lang='lat' dir='ltr'><strong>qu&#39;ales</strong></span> <span class='ocrx_word' id='word_1_26' title='bbox 606 674 717 752; x_wconf 86' lang='lat' dir='ltr'><strong>simus,</strong></span> <span class='ocrx_word' id='word_1_27' title='bbox 740 671 803 738; x_wconf 87' lang='lat' dir='ltr'><strong>soit</strong></span> <span class='ocrx_word' id='word_1_28' title='bbox 821 671 1096 758; x_wconf 87' lang='lat' dir='ltr'><strong>nesoiens&#39;qualss</strong></span> <span class='ocrx_word' id='word_1_29' title='bbox 1111 674 1146 738; x_wconf 91' lang='lat' dir='ltr'><strong>et</strong></span> <span class='ocrx_word' id='word_1_30' title='bbox 1160 672 1270 748; x_wconf 89' lang='lat' dir='ltr'><strong>utrum</strong></span> <span class='ocrx_word' id='word_1_31' title='bbox 1284 692 1351 756; x_wconf 89' lang='lat' dir='ltr'><strong>per-</strong></span> 
     </span>
     <span class='ocr_line' id='line_1_5' title="bbox 139 757 1352 864; baseline -0.008 -18"><span class='ocrx_word' id='word_1_32' title='bbox 139 757 324 846; x_wconf 75' lang='lat' dir='ltr'><strong>severaturi</strong></span> <span class='ocrx_word' id='word_1_33' title='bbox 340 777 449 844; x_wconf 86' lang='lat' dir='ltr'><strong>simus.</strong></span> <span class='ocrx_word' id='word_1_34' title='bbox 483 777 606 842; x_wconf 85' lang='lat' dir='ltr'><strong>Tentat</strong></span> <span class='ocrx_word' id='word_1_35' title='bbox 619 779 728 844; x_wconf 89' lang='lat' dir='ltr'><strong>autem</strong></span> <span class='ocrx_word' id='word_1_36' title='bbox 743 775 872 864; x_wconf 87' lang='lat' dir='ltr'><strong>partim,</strong></span> <span class='ocrx_word' id='word_1_37' title='bbox 888 776 974 860; x_wconf 89' lang='lat' dir='ltr'><strong>qnod</strong></span> <span class='ocrx_word' id='word_1_38' title='bbox 987 798 1047 842; x_wconf 90' lang='lat' dir='ltr'><strong>nos</strong></span> <span class='ocrx_word' id='word_1_39' title='bbox 1063 798 1103 842; x_wconf 86' lang='lat' dir='ltr'><strong>ex</strong></span> <span class='ocrx_word' id='word_1_40' title='bbox 1117 772 1352 860; x_wconf 90' lang='lat' dir='ltr'><strong>nobismetipsis</strong></span> 
     </span>
     <span class='ocr_line' id='line_1_6' title="bbox 144 875 1353 968; baseline -0.007 -20"><span class='ocrx_word' id='word_1_41' title='bbox 144 881 251 948; x_wconf 86' lang='lat' dir='ltr'><strong>salvos</strong></span> <span class='ocrx_word' id='word_1_42' title='bbox 272 881 342 946; x_wconf 81' lang='lat' dir='ltr'><strong>fieri</strong></span> <span class='ocrx_word' id='word_1_43' title='bbox 363 875 659 968; x_wconf 79' lang='lat' dir='ltr'><strong>oportet3&#39;partim,</strong></span> <span class='ocrx_word' id='word_1_44' title='bbox 680 881 720 944; x_wconf 93' lang='lat' dir='ltr'><strong>ut</strong></span> <span class='ocrx_word' id='word_1_45' title='bbox 730 880 884 946; x_wconf 82' lang='lat' dir='ltr'><strong>tentator</strong></span> <span class='ocrx_word' id='word_1_46' title='bbox 906 900 962 966; x_wconf 88' lang='lat' dir='ltr'><strong>spe</strong></span> <span class='ocrx_word' id='word_1_47' title='bbox 984 901 1042 942; x_wconf 88' lang='lat' dir='ltr'><strong>sua</strong></span> <span class='ocrx_word' id='word_1_48' title='bbox 1063 877 1218 965; x_wconf 82' lang='lat' dir='ltr'><strong>deeeptus</strong></span> <span class='ocrx_word' id='word_1_49' title='bbox 1238 876 1353 964; x_wconf 89' lang='lat' dir='ltr'><strong>pudore</strong></span> 
     </span>
     <span class='ocr_line' id='line_1_7' title="bbox 142 977 1353 1070; baseline -0.007 -20"><span class='ocrx_word' id='word_1_50' title='bbox 142 983 373 1060; x_wconf 68' lang='lat' dir='ltr'><strong>confundatum</strong></span> <span class='ocrx_word' id='word_1_51' title='bbox 399 980 518 1070; x_wconf 90' lang='lat' dir='ltr'><strong>partim</strong></span> <span class='ocrx_word' id='word_1_52' title='bbox 533 983 666 1070; x_wconf 87' lang='lat' dir='ltr'><strong>propter</strong></span> <span class='ocrx_word' id='word_1_53' title='bbox 679 1003 799 1060; x_wconf 83' lang='lat' dir='ltr'><strong>eorum,</strong></span> <span class='ocrx_word' id='word_1_54' title='bbox 821 979 877 1066; x_wconf 91' lang='lat' dir='ltr'><strong>qui</strong></span> <span class='ocrx_word' id='word_1_55' title='bbox 893 979 1017 1050; x_wconf 87' lang='lat' dir='ltr'><strong>suntin</strong></span> <span class='ocrx_word' id='word_1_56' title='bbox 1031 980 1176 1060; x_wconf 73' lang='lat' dir='ltr'><strong>eoolasia,</strong></span> <span class='ocrx_word' id='word_1_57' title='bbox 1191 977 1353 1046; x_wconf 85' lang='lat' dir='ltr'><strong>confirma-</strong></span> 
     </span>
     <span class='ocr_line' id='line_1_8' title="bbox 142 1082 1354 1174; baseline -0.006 -22"><span class='ocrx_word' id='word_1_58' title='bbox 142 1085 282 1162; x_wconf 81' lang='lat' dir='ltr'><strong>tionem3</strong></span> <span class='ocrx_word' id='word_1_59' title='bbox 305 1083 442 1174; x_wconf 87' lang='lat' dir='ltr'><strong>deniqne</strong></span> <span class='ocrx_word' id='word_1_60' title='bbox 463 1086 596 1174; x_wconf 86' lang='lat' dir='ltr'><strong>propter</strong></span> <span class='ocrx_word' id='word_1_61' title='bbox 614 1107 725 1150; x_wconf 87' lang='lat' dir='ltr'><strong>eorum</strong></span> <span class='ocrx_word' id='word_1_62' title='bbox 745 1082 990 1162; x_wconf 76' lang='lat' dir='ltr'>conscientiam,</span> <span class='ocrx_word' id='word_1_63' title='bbox 1017 1084 1072 1172; x_wconf 90' lang='lat' dir='ltr'><strong>qui</strong></span> <span class='ocrx_word' id='word_1_64' title='bbox 1089 1084 1271 1168; x_wconf 84' lang='lat' dir='ltr'><strong>martyrum</strong></span> <span class='ocrx_word' id='word_1_65' title='bbox 1286 1102 1354 1146; x_wconf 86' lang='lat' dir='ltr'><strong>con-</strong></span> 
     </span>
     <span class='ocr_line' id='line_1_9' title="bbox 147 1183 1354 1274; baseline -0.005 -20"><span class='ocrx_word' id='word_1_66' title='bbox 147 1187 303 1256; x_wconf 81' lang='lat' dir='ltr'><strong>stantiam</strong></span> <span class='ocrx_word' id='word_1_67' title='bbox 318 1186 468 1264; x_wconf 88' lang='lat' dir='ltr'><strong>admirati</strong></span> <span class='ocrx_word' id='word_1_68' title='bbox 491 1189 585 1268; x_wconf 69' lang='lat' dir='ltr'><strong>sunt.⁴</strong></span> <span class='ocrx_word' id='word_1_69' title='bbox 623 1186 689 1252; x_wconf 88' lang='lat' dir='ltr'><strong>Sed</strong></span> <span class='ocrx_word' id='word_1_70' title='bbox 704 1185 759 1267; x_wconf 83' lang='lat' dir='ltr'><strong>ubi</strong></span> <span class='ocrx_word' id='word_1_71' title='bbox 775 1185 837 1250; x_wconf 90' lang='lat' dir='ltr'><strong>erit</strong></span> <span class='ocrx_word' id='word_1_72' title='bbox 851 1185 947 1264; x_wconf 77' lang='lat' dir='ltr'><strong>fides,</strong></span> <span class='ocrx_word' id='word_1_73' title='bbox 963 1185 1003 1259; x_wconf 76' lang='lat' dir='ltr'><strong>¹ei</strong></span> <span class='ocrx_word' id='word_1_74' title='bbox 1024 1207 1081 1274; x_wconf 91' lang='lat' dir='ltr'><strong>pro</strong></span> <span class='ocrx_word' id='word_1_75' title='bbox 1100 1184 1227 1252; x_wconf 88' lang='lat' dir='ltr'><strong>luendis</strong></span> <span class='ocrx_word' id='word_1_76' title='bbox 1248 1183 1354 1272; x_wconf 85' lang='lat' dir='ltr'><strong>poenis</strong></span> 
     </span>
     <span class='ocr_line' id='line_1_10' title="bbox 144 1286 1355 1379; baseline -0.005 -24"><span class='ocrx_word' id='word_1_77' title='bbox 144 1312 264 1366; x_wconf 90' lang='lat' dir='ltr'><strong>eorum,</strong></span> <span class='ocrx_word' id='word_1_78' title='bbox 280 1311 362 1379; x_wconf 88' lang='lat' dir='ltr'><strong>quae</strong></span> <span class='ocrx_word' id='word_1_79' title='bbox 377 1289 465 1376; x_wconf 89' lang='lat' dir='ltr'><strong>prius</strong></span> <span class='ocrx_word' id='word_1_80' title='bbox 480 1290 614 1376; x_wconf 81' lang='lat' dir='ltr'><strong>peecata</strong></span> <span class='ocrx_word' id='word_1_81' title='bbox 635 1291 722 1376; x_wconf 83' lang='lat' dir='ltr'><strong>sunt,</strong></span> <span class='ocrx_word' id='word_1_82' title='bbox 745 1289 899 1375; x_wconf 72' lang='lat' dir='ltr'><strong>subeatur</strong></span> <span class='ocrx_word' id='word_1_83' title='bbox 918 1289 1130 1373; x_wconf 79' lang='lat' dir='ltr'><strong>martyrium?</strong></span> <span class='ocrx_word' id='word_1_84' title='bbox 1153 1286 1222 1355; x_wconf 88' lang='lat' dir='ltr'><strong>Ubi</strong></span> <span class='ocrx_word' id='word_1_85' title='bbox 1241 1287 1355 1354; x_wconf 78' lang='lat' dir='ltr'><strong>caritas</strong></span> 
     </span>
     <span class='ocr_line' id='line_1_11' title="bbox 143 1389 1357 1480; baseline -0.005 -22"><span class='ocrx_word' id='word_1_86' title='bbox 143 1393 179 1458; x_wconf 91' lang='lat' dir='ltr'><strong>in</strong></span> <span class='ocrx_word' id='word_1_87' title='bbox 198 1392 313 1456; x_wconf 78' lang='lat' dir='ltr'><strong>deum?</strong></span> <span class='ocrx_word' id='word_1_88' title='bbox 350 1391 417 1458; x_wconf 91' lang='lat' dir='ltr'><strong>Ubi</strong></span> <span class='ocrx_word' id='word_1_89' title='bbox 431 1390 502 1458; x_wconf 90' lang='lat' dir='ltr'><strong>laus</strong></span> <span class='ocrx_word' id='word_1_90' title='bbox 519 1390 599 1468; x_wconf 89' lang='lat' dir='ltr'><strong>eius,</strong></span> <span class='ocrx_word' id='word_1_91' title='bbox 620 1391 676 1480; x_wconf 92' lang='lat' dir='ltr'><strong>qui</strong></span> <span class='ocrx_word' id='word_1_92' title='bbox 690 1390 856 1463; x_wconf 82' lang='lat' dir='ltr'><strong>confessus</strong></span> <span class='ocrx_word' id='word_1_93' title='bbox 872 1393 933 1467; x_wconf 88' lang='lat' dir='ltr'><strong>est,</strong></span> <span class='ocrx_word' id='word_1_94' title='bbox 950 1395 984 1456; x_wconf 93' lang='lat' dir='ltr'><strong>et</strong></span> <span class='ocrx_word' id='word_1_95' title='bbox 998 1389 1193 1478; x_wconf 88' lang='lat' dir='ltr'><strong>vituperatio</strong></span> <span class='ocrx_word' id='word_1_96' title='bbox 1209 1390 1293 1468; x_wconf 84' lang='lat' dir='ltr'><strong>eius,</strong></span> <span class='ocrx_word' id='word_1_97' title='bbox 1309 1389 1357 1478; x_wconf 91' lang='lat' dir='ltr'><strong>qui</strong></span> 
     </span>
    </p>
   </div>
   <div class='ocr_carea' id='block_1_3' title="bbox 12 1481 1356 1688">
    <p class='ocr_par' dir='ltr' id='par_1_3' title="bbox 12 1481 1356 1688">
     <span class='ocr_line' id='line_1_12' title="bbox 12 1481 1356 1590; baseline -0.004 -27"><span class='ocrx_word' id='word_1_98' title='bbox 12 1481 41 1570; x_wconf 44' lang='lat'><strong>,⁵</strong></span> <span class='ocrx_word' id='word_1_99' title='bbox 139 1495 298 1582; x_wconf 80' lang='lat' dir='ltr'><strong>negavit?</strong></span> <span class='ocrx_word' id='word_1_100' title='bbox 327 1492 395 1559; x_wconf 89' lang='lat' dir='ltr'><strong>Neo</strong></span> <span class='ocrx_word' id='word_1_101' title='bbox 420 1517 496 1560; x_wconf 89' lang='lat' dir='ltr'><strong>vero</strong></span> <span class='ocrx_word' id='word_1_102' title='bbox 515 1495 673 1590; x_wconf 81' lang='lat' dir='ltr'><strong>martyria</strong></span> <span class='ocrx_word' id='word_1_103' title='bbox 700 1518 740 1560; x_wconf 84' lang='lat' dir='ltr'><strong>ex</strong></span> <span class='ocrx_word' id='word_1_104' title='bbox 761 1494 813 1560; x_wconf 90' lang='lat' dir='ltr'><strong>dei</strong></span> <span class='ocrx_word' id='word_1_105' title='bbox 833 1495 1001 1560; x_wconf 88' lang='lat' dir='ltr'><strong>voluntate</strong></span> <span class='ocrx_word' id='word_1_106' title='bbox 1023 1496 1109 1561; x_wconf 86' lang='lat' dir='ltr'><strong>sunt.</strong></span> <span class='ocrx_word' id='word_1_107' title='bbox 1153 1483 1237 1559; x_wconf 83' lang='lat' dir='ltr'><strong>Nam</strong></span> <span class='ocrx_word' id='word_1_108' title='bbox 1260 1514 1356 1581; x_wconf 89' lang='lat' dir='ltr'><strong>neque</strong></span> 
     </span>
     <span class='ocr_line' id='line_1_13' title="bbox 40 1595 1356 1688; baseline -0.003 -24"><span class='ocrx_word' id='word_1_109' title='bbox 40 1647 49 1672; x_wconf 78' lang='grc'><em>,</em></span> <span class='ocrx_word' id='word_1_110' title='bbox 144 1596 440 1684; x_wconf 84' lang='lat' dir='ltr'><strong>Dominuspassus</strong></span> <span class='ocrx_word' id='word_1_111' title='bbox 456 1598 509 1660; x_wconf 89' lang='lat' dir='ltr'><strong>est</strong></span> <span class='ocrx_word' id='word_1_112' title='bbox 523 1595 690 1663; x_wconf 89' lang='lat' dir='ltr'><strong>voluntate</strong></span> <span class='ocrx_word' id='word_1_113' title='bbox 707 1597 827 1675; x_wconf 88' lang='lat' dir='ltr'><strong>Patris,</strong></span> <span class='ocrx_word' id='word_1_114' title='bbox 849 1619 924 1673; x_wconf 84' lang='lat' dir='ltr'><strong>neo,</strong></span> <span class='ocrx_word' id='word_1_115' title='bbox 946 1597 1001 1686; x_wconf 92' lang='lat' dir='ltr'><strong>qui</strong></span> <span class='ocrx_word' id='word_1_116' title='bbox 1021 1596 1191 1688; x_wconf 81' lang='lat' dir='ltr'><strong>patiuntur</strong></span> <span class='ocrx_word' id='word_1_117' title='bbox 1210 1618 1356 1686; x_wconf 87' lang='lat' dir='ltr'><strong>perseeu-</strong></span> 
     </span>
    </p>
   </div>
   <div class='ocr_carea' id='block_1_4' title="bbox 121 1697 1358 2606">
    <p class='ocr_par' dir='ltr' id='par_1_4' title="bbox 121 1697 1358 2606">
     <span class='ocr_line' id='line_1_14' title="bbox 144 1697 1358 1788; baseline -0.002 -22"><span class='ocrx_word' id='word_1_118' title='bbox 144 1698 278 1777; x_wconf 82' lang='lat' dir='ltr'><strong>tionem,</strong></span> <span class='ocrx_word' id='word_1_119' title='bbox 295 1721 366 1778; x_wconf 82' lang='lat' dir='ltr'><strong>eam</strong></span> <span class='ocrx_word' id='word_1_120' title='bbox 382 1698 433 1762; x_wconf 91' lang='lat' dir='ltr'><strong>dei</strong></span> <span class='ocrx_word' id='word_1_121' title='bbox 449 1697 615 1764; x_wconf 89' lang='lat' dir='ltr'><strong>voluntate</strong></span> <span class='ocrx_word' id='word_1_122' title='bbox 631 1699 809 1788; x_wconf 88' lang='lat' dir='ltr'><strong>patiuntur.</strong></span> <span class='ocrx_word' id='word_1_123' title='bbox 843 1699 873 1764; x_wconf 87' lang='lat' dir='ltr'>E</span> <span class='ocrx_word' id='word_1_124' title='bbox 889 1698 1014 1764; x_wconf 84' lang='lat' dir='ltr'><strong>duobus</strong></span> <span class='ocrx_word' id='word_1_125' title='bbox 1030 1699 1114 1764; x_wconf 87' lang='lat' dir='ltr'><strong>enim</strong></span> <span class='ocrx_word' id='word_1_126' title='bbox 1129 1698 1287 1766; x_wconf 85' lang='lat' dir='ltr'><strong>alterum:</strong></span> <span class='ocrx_word' id='word_1_127' title='bbox 1309 1699 1358 1766; x_wconf 89' lang='lat' dir='ltr'><strong>aut</strong></span> 
     </span>
     <span class='ocr_line' id='line_1_15' title="bbox 144 1799 1357 1891; baseline -0.002 -23"><span class='ocrx_word' id='word_1_128' title='bbox 144 1801 265 1868; x_wconf 92' lang='lat' dir='ltr'><strong>bonum</strong></span> <span class='ocrx_word' id='word_1_129' title='bbox 281 1799 363 1891; x_wconf 90' lang='lat' dir='ltr'><strong>quid</strong></span> <span class='ocrx_word' id='word_1_130' title='bbox 377 1799 439 1864; x_wconf 88' lang='lat' dir='ltr'><strong>erit</strong></span> <span class='ocrx_word' id='word_1_131' title='bbox 459 1799 641 1888; x_wconf 87' lang='lat' dir='ltr'><strong>persecutio</strong></span> <span class='ocrx_word' id='word_1_132' title='bbox 662 1803 794 1890; x_wconf 90' lang='lat' dir='ltr'><strong>propter</strong></span> <span class='ocrx_word' id='word_1_133' title='bbox 814 1801 865 1866; x_wconf 91' lang='lat' dir='ltr'><strong>dei</strong></span> <span class='ocrx_word' id='word_1_134' title='bbox 886 1801 1102 1878; x_wconf 88' lang='lat' dir='ltr'><strong>voluntatem,</strong></span> <span class='ocrx_word' id='word_1_135' title='bbox 1129 1805 1187 1866; x_wconf 93' lang='lat' dir='ltr'><strong>aut</strong></span> <span class='ocrx_word' id='word_1_136' title='bbox 1201 1805 1302 1868; x_wconf 89' lang='lat' dir='ltr'><strong>erunt</strong></span> <span class='ocrx_word' id='word_1_137' title='bbox 1316 1802 1357 1866; x_wconf 90' lang='lat' dir='ltr'><strong>in-</strong></span> 
     </span>
     <span class='ocr_line' id='line_1_16' title="bbox 145 1895 1357 1996; baseline -0.001 -26"><span class='ocrx_word' id='word_1_138' title='bbox 145 1907 267 1981; x_wconf 76' lang='lat' dir='ltr'><strong>sontes,</strong></span> <span class='ocrx_word' id='word_1_139' title='bbox 280 1905 335 1993; x_wconf 92' lang='lat' dir='ltr'><strong>qui</strong></span> <span class='ocrx_word' id='word_1_140' title='bbox 348 1901 528 1984; x_wconf 76' lang='lat' dir='ltr'><strong>¹decernunt</strong></span> <span class='ocrx_word' id='word_1_141' title='bbox 542 1905 576 1967; x_wconf 90' lang='lat' dir='ltr'><strong>et</strong></span> <span class='ocrx_word' id='word_1_142' title='bbox 590 1903 764 1990; x_wconf 65' lang='lat' dir='ltr'><strong>affligunt,</strong></span> <span class='ocrx_word' id='word_1_143' title='bbox 778 1903 937 1968; x_wconf 80' lang='lat' dir='ltr'><strong>Attamen</strong></span> <span class='ocrx_word' id='word_1_144' title='bbox 947 1902 1027 1968; x_wconf 87' lang='lat' dir='ltr'><strong>nihil</strong></span> <span class='ocrx_word' id='word_1_145' title='bbox 1040 1904 1078 1966; x_wconf 92' lang='lat' dir='ltr'><strong>fit</strong></span> <span class='ocrx_word' id='word_1_146' title='bbox 1094 1895 1178 1996; x_wconf 26' lang='lat' dir='ltr'><strong>stine</strong></span> <span class='ocrx_word' id='word_1_147' title='bbox 1192 1903 1357 1970; x_wconf 87' lang='lat' dir='ltr'><strong>voluntate</strong></span> 
     </span>
     <span class='ocr_line' id='line_1_17' title="bbox 145 2004 1357 2090; baseline -0.002 -18"><span class='ocrx_word' id='word_1_148' title='bbox 145 2005 208 2072; x_wconf 83' lang='lat' dir='ltr'><strong>dei.</strong></span> <span class='ocrx_word' id='word_1_149' title='bbox 237 2006 356 2072; x_wconf 82' lang='lat' dir='ltr'><strong>Restat</strong></span> <span class='ocrx_word' id='word_1_150' title='bbox 369 2004 481 2090; x_wconf 82' lang='lat' dir='ltr'><strong>igitur,</strong></span> <span class='ocrx_word' id='word_1_151' title='bbox 501 2009 540 2070; x_wconf 93' lang='lat' dir='ltr'><strong>ut</strong></span> <span class='ocrx_word' id='word_1_152' title='bbox 559 2005 700 2072; x_wconf 84' lang='lat' dir='ltr'><strong>breviter</strong></span> <span class='ocrx_word' id='word_1_153' title='bbox 719 2005 878 2081; x_wconf 88' lang='lat' dir='ltr'><strong>dicamus,</strong></span> <span class='ocrx_word' id='word_1_154' title='bbox 898 2005 1203 2084; x_wconf 81' lang='lat' dir='ltr'><strong>huiusmodiomnia</strong></span> <span class='ocrx_word' id='word_1_155' title='bbox 1217 2007 1357 2072; x_wconf 81' lang='lat' dir='ltr'><strong>accidere</strong></span> 
     </span>
     <span class='ocr_line' id='line_1_18' title="bbox 143 2105 1356 2196; baseline 0.002 -24"><span class='ocrx_word' id='word_1_156' title='bbox 143 2107 216 2196; x_wconf 84' lang='lat' dir='ltr'><strong>deo</strong></span> <span class='ocrx_word' id='word_1_157' title='bbox 243 2129 317 2172; x_wconf 90' lang='lat' dir='ltr'><strong>non</strong></span> <span class='ocrx_word' id='word_1_158' title='bbox 344 2107 591 2196; x_wconf 79' lang='lat' dir='ltr'><strong>prohibente.</strong></span> <span class='ocrx_word' id='word_1_159' title='bbox 634 2105 781 2196; x_wconf 85' lang='lat' dir='ltr'><strong>Namque</strong></span> <span class='ocrx_word' id='word_1_160' title='bbox 801 2107 862 2172; x_wconf 85' lang='lat' dir='ltr'><strong>hoo</strong></span> <span class='ocrx_word' id='word_1_161' title='bbox 883 2107 986 2172; x_wconf 92' lang='lat' dir='ltr'><strong>solum</strong></span> <span class='ocrx_word' id='word_1_162' title='bbox 1007 2111 1178 2174; x_wconf 85' lang='lat' dir='ltr'><strong>conservat</strong></span> <span class='ocrx_word' id='word_1_163' title='bbox 1198 2111 1232 2172; x_wconf 88' lang='lat' dir='ltr'><strong>et</strong></span> <span class='ocrx_word' id='word_1_164' title='bbox 1255 2108 1356 2196; x_wconf 82' lang='lat' dir='ltr'><strong>provi-</strong></span> 
     </span>
     <span class='ocr_line' id='line_1_19' title="bbox 145 2208 1356 2306; baseline -0.002 -30"><span class='ocrx_word' id='word_1_165' title='bbox 145 2209 288 2276; x_wconf 87' lang='lat' dir='ltr'><strong>dentiam</strong></span> <span class='ocrx_word' id='word_1_166' title='bbox 304 2213 338 2275; x_wconf 94' lang='lat' dir='ltr'><strong>et</strong></span> <span class='ocrx_word' id='word_1_167' title='bbox 352 2211 530 2282; x_wconf 86' lang='lat' dir='ltr'><strong>bonitatem</strong></span> <span class='ocrx_word' id='word_1_168' title='bbox 545 2209 608 2276; x_wconf 89' lang='lat' dir='ltr'><strong>dei.</strong></span> <span class='ocrx_word' id='word_1_169' title='bbox 655 2209 719 2276; x_wconf 89' lang='lat' dir='ltr'><strong>Sed</strong></span> <span class='ocrx_word' id='word_1_170' title='bbox 731 2210 870 2306; x_wconf 79' lang='lat' dir='ltr'><strong>malum,</strong></span> <span class='ocrx_word' id='word_1_171' title='bbox 891 2212 976 2300; x_wconf 84' lang='lat' dir='ltr'><strong>quod</strong></span> <span class='ocrx_word' id='word_1_172' title='bbox 995 2208 1140 2278; x_wconf 84' lang='lat' dir='ltr'><strong>homines</strong></span> <span class='ocrx_word' id='word_1_173' title='bbox 1162 2213 1356 2302; x_wconf 86' lang='lat' dir='ltr'><strong>perpetrant,</strong></span> 
     </span>
     <span class='ocr_line' id='line_1_20' title="bbox 121 2304 1356 2390; baseline -0.001 -12"><span class='ocrx_word' id='word_1_174' title='bbox 121 2321 125 2340; x_wconf 94' lang='lat'>&#39;</span> <span class='ocrx_word' id='word_1_175' title='bbox 145 2313 225 2378; x_wconf 89' lang='lat' dir='ltr'><strong>deus</strong></span> <span class='ocrx_word' id='word_1_176' title='bbox 242 2313 309 2380; x_wconf 91' lang='lat' dir='ltr'><strong>suis</strong></span> <span class='ocrx_word' id='word_1_177' title='bbox 325 2315 424 2380; x_wconf 87' lang='lat' dir='ltr'><strong>vertit</strong></span> <span class='ocrx_word' id='word_1_178' title='bbox 438 2315 471 2380; x_wconf 92' lang='lat' dir='ltr'><strong>in</strong></span> <span class='ocrx_word' id='word_1_179' title='bbox 486 2313 615 2384; x_wconf 90' lang='lat' dir='ltr'><strong>bonum.</strong></span> <span class='ocrx_word' id='word_1_180' title='bbox 660 2311 724 2376; x_wconf 90' lang='lat' dir='ltr'><strong>Dei</strong></span> <span class='ocrx_word' id='word_1_181' title='bbox 738 2312 887 2379; x_wconf 87' lang='lat' dir='ltr'><strong>voluntas</strong></span> <span class='ocrx_word' id='word_1_182' title='bbox 908 2313 992 2378; x_wconf 87' lang='lat' dir='ltr'><strong>enirn</strong></span> <span class='ocrx_word' id='word_1_183' title='bbox 1009 2304 1227 2379; x_wconf 88' lang='lat' dir='ltr'><strong>sanotifioatio</strong></span> <span class='ocrx_word' id='word_1_184' title='bbox 1236 2310 1356 2390; x_wconf 82' lang='lat' dir='ltr'><strong>notra,</strong></span> 
     </span>
     <span class='ocr_line' id='line_1_21' title="bbox 129 2414 1356 2512; baseline 0.002 -32"><span class='ocrx_word' id='word_1_185' title='bbox 129 2417 181 2512; x_wconf 60' lang='grc' dir='ltr'><strong>ν613</strong></span> <span class='ocrx_word' id='word_1_186' title='bbox 194 2418 326 2506; x_wconf 85' lang='lat' dir='ltr'><strong>propter</strong></span> <span class='ocrx_word' id='word_1_187' title='bbox 340 2415 423 2482; x_wconf 86' lang='lat' dir='ltr'><strong>hano</strong></span> <span class='ocrx_word' id='word_1_188' title='bbox 444 2414 890 2488; x_wconf 82' lang='lat' dir='ltr'><strong>sanctificationemnostram</strong></span> <span class='ocrx_word' id='word_1_189' title='bbox 905 2415 1084 2496; x_wconf 85' lang='lat' dir='ltr'><strong>Dominus,</strong></span> <span class='ocrx_word' id='word_1_190' title='bbox 1111 2415 1283 2507; x_wconf 91' lang='lat' dir='ltr'><strong>quominus</strong></span> <span class='ocrx_word' id='word_1_191' title='bbox 1306 2440 1356 2506; x_wconf 87' lang='lat' dir='ltr'><strong>pa·</strong></span> 
     </span>
     <span class='ocr_line' id='line_1_22' title="bbox 146 2515 775 2606; baseline -0.003 -18"><span class='ocrx_word' id='word_1_192' title='bbox 146 2519 282 2595; x_wconf 78' lang='lat' dir='ltr'><strong>teretur,</strong></span> <span class='ocrx_word' id='word_1_193' title='bbox 297 2540 362 2583; x_wconf 91' lang='lat' dir='ltr'><strong>non</strong></span> <span class='ocrx_word' id='word_1_194' title='bbox 376 2520 428 2582; x_wconf 86' lang='lat' dir='ltr'><strong>est</strong></span> <span class='ocrx_word' id='word_1_195' title='bbox 441 2515 633 2606; x_wconf 89' lang='lat' dir='ltr'><strong>prohibitus.</strong></span> <span class='ocrx_word' id='word_1_196' title='bbox 720 2537 723 2552; x_wconf 64' lang='lat'>¹</span> <span class='ocrx_word' id='word_1_197' title='bbox 770 2577 775 2586; x_wconf 94' lang='lat'>.</span> 
     </span>
    </p>
   </div>
   <div class='ocr_carea' id='block_1_5' title="bbox 70 2633 1356 3544">
    <p class='ocr_par' dir='ltr' id='par_1_5' title="bbox 70 2633 1356 3544">
     <span class='ocr_line' id='line_1_23' title="bbox 211 2633 1356 2723; baseline 0.003 -22"><span class='ocrx_word' id='word_1_198' title='bbox 211 2633 477 2714; x_wconf 81' lang='lat' dir='ltr'><strong>SedValentinus</strong></span> <span class='ocrx_word' id='word_1_199' title='bbox 485 2657 621 2722; x_wconf 91' lang='lat' dir='ltr'><strong>quoque,</strong></span> <span class='ocrx_word' id='word_1_200' title='bbox 633 2655 736 2720; x_wconf 86' lang='lat' dir='ltr'><strong>genus</strong></span> <span class='ocrx_word' id='word_1_201' title='bbox 748 2635 907 2723; x_wconf 89' lang='lat' dir='ltr'><strong>quoddam</strong></span> <span class='ocrx_word' id='word_1_202' title='bbox 918 2635 1099 2703; x_wconf 89' lang='lat' dir='ltr'><strong>immortale</strong></span> <span class='ocrx_word' id='word_1_203' title='bbox 1109 2639 1356 2706; x_wconf 86' lang='lat' dir='ltr'><strong>naturaveuisse</strong></span> 
     </span>
     <span class='ocr_line' id='line_1_24' title="bbox 145 2735 1356 2824; baseline 0.002 -22"><span class='ocrx_word' id='word_1_204' title='bbox 145 2735 284 2824; x_wconf 84' lang='lat' dir='ltr'><strong>desuper</strong></span> <span class='ocrx_word' id='word_1_205' title='bbox 297 2737 392 2803; x_wconf 84' lang='lat' dir='ltr'><strong>docet</strong></span> <span class='ocrx_word' id='word_1_206' title='bbox 405 2737 447 2802; x_wconf 92' lang='lat' dir='ltr'><strong>ad</strong></span> <span class='ocrx_word' id='word_1_207' title='bbox 462 2741 596 2804; x_wconf 88' lang='lat' dir='ltr'><strong>mortem</strong></span> <span class='ocrx_word' id='word_1_208' title='bbox 612 2737 802 2814; x_wconf 87' lang='lat' dir='ltr'><strong>tollendam,</strong></span> <span class='ocrx_word' id='word_1_209' title='bbox 825 2737 916 2802; x_wconf 90' lang='lat' dir='ltr'><strong>ouius</strong></span> <span class='ocrx_word' id='word_1_210' title='bbox 934 2743 1047 2806; x_wconf 83' lang='lat' dir='ltr'><strong>auctor</strong></span> <span class='ocrx_word' id='word_1_211' title='bbox 1068 2741 1113 2805; x_wconf 94' lang='lat' dir='ltr'><strong>sit</strong></span> <span class='ocrx_word' id='word_1_212' title='bbox 1126 2739 1232 2805; x_wconf 81' lang='lat' dir='ltr'><strong>&#39;buius</strong></span> <span class='ocrx_word' id='word_1_213' title='bbox 1249 2738 1356 2808; x_wconf 89' lang='lat' dir='ltr'><strong>mundi</strong></span> 
     </span>
     <span class='ocr_line' id='line_1_25' title="bbox 94 2839 1355 2928; baseline -0.002 -20"><span class='ocrx_word' id='word_1_214' title='bbox 94 2901 98 2908; x_wconf 90' lang='lat'>.</span> <span class='ocrx_word' id='word_1_215' title='bbox 145 2841 280 2906; x_wconf 77' lang='lat' dir='ltr'><strong>creator.</strong></span> <span class='ocrx_word' id='word_1_216' title='bbox 324 2839 517 2922; x_wconf 80' lang='lat' dir='ltr'><strong>Quodsi-ad</strong></span> <span class='ocrx_word' id='word_1_217' title='bbox 542 2839 779 2919; x_wconf 75' lang='lat' dir='ltr'><strong>dissoluendum</strong></span> <span class='ocrx_word' id='word_1_218' title='bbox 806 2844 941 2906; x_wconf 88' lang='lat' dir='ltr'><strong>mortem</strong></span> <span class='ocrx_word' id='word_1_219' title='bbox 966 2842 1055 2908; x_wconf 88' lang='lat' dir='ltr'><strong>venit</strong></span> <span class='ocrx_word' id='word_1_220' title='bbox 1080 2865 1183 2928; x_wconf 87' lang='lat' dir='ltr'><strong>genus</strong></span> <span class='ocrx_word' id='word_1_221' title='bbox 1209 2842 1355 2908; x_wconf 84' lang='lat' dir='ltr'><strong>differens</strong></span> 
     </span>
     <span class='ocr_line' id='line_1_26' title="bbox 146 2938 1355 3034; baseline 0.002 -28"><span class='ocrx_word' id='word_1_222' title='bbox 146 2941 199 3024; x_wconf 86' lang='lat' dir='ltr'><strong>(ab</strong></span> <span class='ocrx_word' id='word_1_223' title='bbox 214 2940 275 3008; x_wconf 89' lang='lat' dir='ltr'><strong>hoo</strong></span> <span class='ocrx_word' id='word_1_224' title='bbox 289 2943 444 3026; x_wconf 80' lang='lat' dir='ltr'><strong>mortali),</strong></span> <span class='ocrx_word' id='word_1_225' title='bbox 461 2938 614 3009; x_wconf 87' lang='lat' dir='ltr'><strong>Christus</strong></span> <span class='ocrx_word' id='word_1_226' title='bbox 630 2946 765 3010; x_wconf 89' lang='lat' dir='ltr'><strong>mortem</strong></span> <span class='ocrx_word' id='word_1_227' title='bbox 780 2965 844 3008; x_wconf 91' lang='lat' dir='ltr'><strong>non</strong></span> <span class='ocrx_word' id='word_1_228' title='bbox 865 2943 1020 3034; x_wconf 80' lang='lat' dir='ltr'><strong>abolevit,</strong></span> <span class='ocrx_word' id='word_1_229' title='bbox 1041 2944 1105 3010; x_wconf 88' lang='lat' dir='ltr'><strong>nisi</strong></span> <span class='ocrx_word' id='word_1_230' title='bbox 1124 2945 1195 3032; x_wconf 87' lang='lat' dir='ltr'><strong>ipse</strong></span> <span class='ocrx_word' id='word_1_231' title='bbox 1216 2945 1355 3011; x_wconf 79' lang='lat' dir='ltr'><strong>eiusdem</strong></span> 
     </span>
     <span class='ocr_line' id='line_1_27' title="bbox 145 3044 1355 3134; baseline 0 -24"><span class='ocrx_word' id='word_1_232' title='bbox 145 3065 220 3110; x_wconf 90' lang='lat' dir='ltr'><strong>oum</strong></span> <span class='ocrx_word' id='word_1_233' title='bbox 235 3045 282 3124; x_wconf 82' lang='lat' dir='ltr'><strong>eis</strong></span> <span class='ocrx_word' id='word_1_234' title='bbox 298 3067 370 3118; x_wconf 84' lang='lat' dir='ltr'><strong>esse</strong></span> <span class='ocrx_word' id='word_1_235' title='bbox 385 3045 511 3110; x_wconf 84' lang='lat' dir='ltr'><strong>dicatur</strong></span> <span class='ocrx_word' id='word_1_236' title='bbox 526 3046 696 3111; x_wconf 86' lang='lat' dir='ltr'><strong>essentiae.</strong></span> <span class='ocrx_word' id='word_1_237' title='bbox 738 3044 805 3110; x_wconf 85' lang='lat' dir='ltr'><strong>Hie</strong></span> <span class='ocrx_word' id='word_1_238' title='bbox 819 3046 937 3134; x_wconf 75' lang='lat' dir='ltr'><strong>igitur,¹</strong></span> <span class='ocrx_word' id='word_1_239' title='bbox 949 3048 977 3113; x_wconf 92' lang='lat' dir='ltr'><strong>si</strong></span> <span class='ocrx_word' id='word_1_240' title='bbox 991 3048 1039 3112; x_wconf 90' lang='lat' dir='ltr'><strong>ita</strong></span> <span class='ocrx_word' id='word_1_241' title='bbox 1055 3047 1213 3126; x_wconf 82' lang='lat' dir='ltr'><strong>sehabet,</strong></span> <span class='ocrx_word' id='word_1_242' title='bbox 1228 3086 1272 3098; x_wconf 90' lang='lat'>—</span> <span class='ocrx_word' id='word_1_243' title='bbox 1286 3069 1355 3112; x_wconf 90' lang='lat' dir='ltr'><strong>nam</strong></span> 
     </span>
     <span class='ocr_line' id='line_1_28' title="bbox 70 3147 1355 3242; baseline 0 -28"><span class='ocrx_word' id='word_1_244' title='bbox 70 3225 72 3231; x_wconf 15' lang='lat' dir='ltr'><em>A</em></span> <span class='ocrx_word' id='word_1_245' title='bbox 145 3147 390 3214; x_wconf 86' lang='lat' dir='ltr'><strong>Valentinianos</strong></span> <span class='ocrx_word' id='word_1_246' title='bbox 422 3148 586 3236; x_wconf 89' lang='lat' dir='ltr'><strong>superiore</strong></span> <span class='ocrx_word' id='word_1_247' title='bbox 609 3148 664 3212; x_wconf 89' lang='lat' dir='ltr'><strong>illa</strong></span> <span class='ocrx_word' id='word_1_248' title='bbox 690 3149 832 3214; x_wconf 87' lang='lat' dir='ltr'><strong>essentia</strong></span> <span class='ocrx_word' id='word_1_249' title='bbox 851 3149 1015 3236; x_wconf 87' lang='lat' dir='ltr'><strong>praeditos</strong></span> <span class='ocrx_word' id='word_1_250' title='bbox 1038 3147 1355 3242; x_wconf 35' lang='lat' dir='ltr'><strong>Creatore&#39;meliores</strong></span> 
     </span>
     <span class='ocr_line' id='line_1_29' title="bbox 145 3247 1356 3339; baseline 0.002 -25"><span class='ocrx_word' id='word_1_251' title='bbox 145 3247 247 3314; x_wconf 86' lang='lat' dir='ltr'><strong>videri</strong></span> <span class='ocrx_word' id='word_1_252' title='bbox 263 3251 298 3315; x_wconf 93' lang='lat' dir='ltr'><strong>in</strong></span> <span class='ocrx_word' id='word_1_253' title='bbox 312 3254 465 3337; x_wconf 92' lang='lat' dir='ltr'><strong>promptu</strong></span> <span class='ocrx_word' id='word_1_254' title='bbox 480 3254 541 3328; x_wconf 87' lang='lat' dir='ltr'><strong>est,</strong></span> <span class='ocrx_word' id='word_1_255' title='bbox 561 3289 596 3299; x_wconf 90' lang='lat'><em>-</em></span> <span class='ocrx_word' id='word_1_256' title='bbox 622 3249 678 3316; x_wconf 91' lang='lat' dir='ltr'><strong>sed</strong></span> <span class='ocrx_word' id='word_1_257' title='bbox 695 3247 846 3316; x_wconf 85' lang='lat' dir='ltr'><strong>Christus</strong></span> <span class='ocrx_word' id='word_1_258' title='bbox 862 3273 988 3339; x_wconf 90' lang='lat' dir='ltr'><strong>quoque</strong></span> <span class='ocrx_word' id='word_1_259' title='bbox 1003 3252 1063 3316; x_wconf 93' lang='lat' dir='ltr'><strong>deo</strong></span> <span class='ocrx_word' id='word_1_260' title='bbox 1079 3249 1235 3326; x_wconf 77' lang='lat' dir='ltr'><strong>Creatore</strong></span> <span class='ocrx_word' id='word_1_261' title='bbox 1250 3255 1356 3330; x_wconf 74' lang='lat' dir='ltr'><strong>melior</strong></span> 
     </span>
     <span class='ocr_line' id='line_1_30' title="bbox 145 3351 1355 3442; baseline 0.001 -25"><span class='ocrx_word' id='word_1_262' title='bbox 145 3371 184 3417; x_wconf 90' lang='lat' dir='ltr'><strong>ao</strong></span> <span class='ocrx_word' id='word_1_263' title='bbox 203 3351 437 3438; x_wconf 86' lang='lat' dir='ltr'><strong>praestantior:</strong></span> <span class='ocrx_word' id='word_1_264' title='bbox 472 3355 606 3418; x_wconf 90' lang='lat' dir='ltr'><strong>atvero</strong></span> <span class='ocrx_word' id='word_1_265' title='bbox 632 3377 796 3438; x_wconf 88' lang='lat' dir='ltr'><strong>nunquam</strong></span> <span class='ocrx_word' id='word_1_266' title='bbox 821 3353 906 3418; x_wconf 89' lang='lat' dir='ltr'><strong>filius</strong></span> <span class='ocrx_word' id='word_1_267' title='bbox 934 3376 1005 3420; x_wconf 88' lang='lat' dir='ltr'><strong>cum</strong></span> <span class='ocrx_word' id='word_1_268' title='bbox 1028 3358 1122 3442; x_wconf 89' lang='lat' dir='ltr'><strong>patre</strong></span> <span class='ocrx_word' id='word_1_269' title='bbox 1146 3357 1355 3431; x_wconf 89' lang='lat' dir='ltr'><strong>contenderit,</strong></span> 
     </span>
     <span class='ocr_line' id='line_1_31' title="bbox 146 3443 1355 3544; baseline 0.007 -29"><span class='ocrx_word' id='word_1_270' title='bbox 146 3450 243 3537; x_wconf 92' lang='lat' dir='ltr'><strong>idque</strong></span> <span class='ocrx_word' id='word_1_271' title='bbox 257 3452 344 3518; x_wconf 88' lang='lat' dir='ltr'><strong>inter</strong></span> <span class='ocrx_word' id='word_1_272' title='bbox 358 3453 445 3518; x_wconf 86' lang='lat' dir='ltr'><strong>deos.</strong></span> <span class='ocrx_word' id='word_1_273' title='bbox 480 3454 577 3520; x_wconf 82' lang='lat' dir='ltr'><strong>Hunc</strong></span> <span class='ocrx_word' id='word_1_274' title='bbox 592 3457 699 3520; x_wconf 78' lang='lat' dir='ltr'><strong>autom</strong></span> <span class='ocrx_word' id='word_1_275' title='bbox 715 3455 772 3520; x_wconf 90' lang='lat' dir='ltr'><strong>filii</strong></span> <span class='ocrx_word' id='word_1_276' title='bbox 787 3477 858 3522; x_wconf 90' lang='lat' dir='ltr'><strong>esse</strong></span> <span class='ocrx_word' id='word_1_277' title='bbox 873 3459 1009 3544; x_wconf 89' lang='lat' dir='ltr'><strong>patrem,</strong></span> <span class='ocrx_word' id='word_1_278' title='bbox 1021 3443 1217 3524; x_wconf 61' lang='lat' dir='ltr'><strong>‘Creatorem</strong></span> <span class='ocrx_word' id='word_1_279' title='bbox 1231 3459 1355 3524; x_wconf 82' lang='lat' dir='ltr'><strong>univer·</strong></span> 
     </span>
    </p>
   </div>
   <div class='ocr_carea' id='block_1_6' title="bbox 22 3553 1355 3648">
    <p class='ocr_par' dir='ltr' id='par_1_6' title="bbox 22 3553 1355 3648">
     <span class='ocr_line' id='line_1_32' title="bbox 22 3553 1355 3648; baseline 0.004 -31"><span class='ocrx_word' id='word_1_280' title='bbox 22 3643 26 3648; x_wconf 17' lang='grc' dir='ltr'><strong><em>Δ</em></strong></span> <span class='ocrx_word' id='word_1_281' title='bbox 146 3575 265 3631; x_wconf 88' lang='lat' dir='ltr'><strong>sorum,</strong></span> <span class='ocrx_word' id='word_1_282' title='bbox 281 3553 457 3620; x_wconf 88' lang='lat' dir='ltr'><strong>Dominum</strong></span> <span class='ocrx_word' id='word_1_283' title='bbox 473 3557 741 3643; x_wconf 87' lang='lat' dir='ltr'><strong>omnipotentem,</strong></span> <span class='ocrx_word' id='word_1_284' title='bbox 762 3563 890 3646; x_wconf 87' lang='lat' dir='ltr'><strong>postea,</strong></span> <span class='ocrx_word' id='word_1_285' title='bbox 917 3583 1015 3648; x_wconf 88' lang='lat' dir='ltr'><strong>quum</strong></span> <span class='ocrx_word' id='word_1_286' title='bbox 1036 3559 1190 3626; x_wconf 87' lang='lat' dir='ltr'><strong>adversus</strong></span> <span class='ocrx_word' id='word_1_287' title='bbox 1209 3559 1355 3626; x_wconf 84' lang='lat' dir='ltr'><strong>haereses</strong></span> 
     </span>
    </p>
   </div>
   <div class='ocr_carea' id='block_1_7' title="bbox 62 3655 1354 4362">
    <p class='ocr_par' dir='ltr' id='par_1_7' title="bbox 62 3655 1354 4362">
     <span class='ocr_line' id='line_1_33' title="bbox 144 3655 1354 3748; baseline 0.003 -26"><span class='ocrx_word' id='word_1_288' title='bbox 144 3655 395 3744; x_wconf 89' lang='lat' dir='ltr'><strong>disputabimus,</strong></span> <span class='ocrx_word' id='word_1_289' title='bbox 407 3659 625 3725; x_wconf 84' lang='lat' dir='ltr'><strong>ostendemus.</strong></span> <span class='ocrx_word' id='word_1_290' title='bbox 666 3659 759 3724; x_wconf 91' lang='lat' dir='ltr'><strong>Unus</strong></span> <span class='ocrx_word' id='word_1_291' title='bbox 771 3661 861 3735; x_wconf 84' lang='lat' dir='ltr'><strong>deus,</strong></span> <span class='ocrx_word' id='word_1_292' title='bbox 872 3685 936 3726; x_wconf 90' lang='lat' dir='ltr'><strong>una</strong></span> <span class='ocrx_word' id='word_1_293' title='bbox 948 3661 1045 3726; x_wconf 90' lang='lat' dir='ltr'><strong>etiam</strong></span> <span class='ocrx_word' id='word_1_294' title='bbox 1057 3661 1232 3748; x_wconf 89' lang='lat' dir='ltr'><strong>eademque</strong></span> <span class='ocrx_word' id='word_1_295' title='bbox 1242 3665 1354 3731; x_wconf 84' lang='lat' dir='ltr'><strong>natura</strong></span> 
     </span>
     <span class='ocr_line' id='line_1_34' title="bbox 144 3755 1352 3852; baseline 0.002 -28"><span class='ocrx_word' id='word_1_296' title='bbox 144 3755 296 3837; x_wconf 90' lang='lat' dir='ltr'><strong>humana,</strong></span> <span class='ocrx_word' id='word_1_297' title='bbox 308 3781 404 3844; x_wconf 90' lang='lat' dir='ltr'><strong>quam</strong></span> <span class='ocrx_word' id='word_1_298' title='bbox 416 3759 548 3837; x_wconf 81' lang='lat' dir='ltr'><strong>creavit,</strong></span> <span class='ocrx_word' id='word_1_299' title='bbox 560 3783 619 3826; x_wconf 87' lang='lat' dir='ltr'><strong>neo</strong></span> <span class='ocrx_word' id='word_1_300' title='bbox 631 3784 706 3826; x_wconf 88' lang='lat' dir='ltr'><strong>vero</strong></span> <span class='ocrx_word' id='word_1_301' title='bbox 719 3762 772 3850; x_wconf 75' lang='lat' dir='ltr'><strong>alii</strong></span> <span class='ocrx_word' id='word_1_302' title='bbox 784 3762 949 3842; x_wconf 87' lang='lat' dir='ltr'><strong>animales,</strong></span> <span class='ocrx_word' id='word_1_303' title='bbox 965 3765 1111 3832; x_wconf 86' lang='lat' dir='ltr'><strong>meliores</strong></span> <span class='ocrx_word' id='word_1_304' title='bbox 1123 3769 1162 3830; x_wconf 94' lang='lat' dir='ltr'><strong>ut</strong></span> <span class='ocrx_word' id='word_1_305' title='bbox 1174 3765 1352 3852; x_wconf 88' lang='lat' dir='ltr'><strong>spirituales</strong></span> 
     </span>
     <span class='ocr_line' id='line_1_35' title="bbox 144 3857 1352 3954; baseline 0.005 -28"><span class='ocrx_word' id='word_1_306' title='bbox 144 3857 209 3926; x_wconf 83' lang='lat' dir='ltr'><strong>alii.</strong></span> <span class='ocrx_word' id='word_1_307' title='bbox 254 3859 320 3926; x_wconf 83' lang='lat' dir='ltr'><strong>Sed</strong></span> <span class='ocrx_word' id='word_1_308' title='bbox 341 3861 446 3946; x_wconf 88' lang='lat' dir='ltr'><strong>quivis</strong></span> <span class='ocrx_word' id='word_1_309' title='bbox 466 3860 560 3926; x_wconf 90' lang='lat' dir='ltr'><strong>bomo</strong></span> <span class='ocrx_word' id='word_1_310' title='bbox 581 3865 743 3950; x_wconf 77' lang='lat' dir='ltr'><strong>perfectus</strong></span> <span class='ocrx_word' id='word_1_311' title='bbox 764 3865 932 3932; x_wconf 83' lang='lat' dir='ltr'><strong>caritatem</strong></span> <span class='ocrx_word' id='word_1_312' title='bbox 952 3868 1081 3954; x_wconf 91' lang='lat' dir='ltr'><strong>oportet</strong></span> <span class='ocrx_word' id='word_1_313' title='bbox 1100 3869 1266 3945; x_wconf 79' lang='lat' dir='ltr'><strong>exerceat,</strong></span> <span class='ocrx_word' id='word_1_314' title='bbox 1286 3867 1352 3932; x_wconf 86' lang='lat' dir='ltr'><strong>hino</strong></span> 
     </span>
     <span class='ocr_line' id='line_1_36' title="bbox 144 3961 1351 4060; baseline 0.006 -34"><span class='ocrx_word' id='word_1_315' title='bbox 144 3965 252 4028; x_wconf 84' lang='lat' dir='ltr'><strong>autern</strong></span> <span class='ocrx_word' id='word_1_316' title='bbox 281 3961 416 4028; x_wconf 80' lang='lat' dir='ltr'><strong>tondeat</strong></span> <span class='ocrx_word' id='word_1_317' title='bbox 447 3964 488 4028; x_wconf 83' lang='lat' dir='ltr'><strong>ad</strong></span> <span class='ocrx_word' id='word_1_318' title='bbox 518 3965 569 4030; x_wconf 92' lang='lat' dir='ltr'><strong>dei</strong></span> <span class='ocrx_word' id='word_1_319' title='bbox 591 3965 765 4032; x_wconf 78' lang='lat' dir='ltr'><strong>amicitiam</strong></span> <span class='ocrx_word' id='word_1_320' title='bbox 794 3969 930 4034; x_wconf 83' lang='lat' dir='ltr'><strong>caritate</strong></span> <span class='ocrx_word' id='word_1_321' title='bbox 961 3969 1114 4034; x_wconf 87' lang='lat' dir='ltr'><strong>mandata</strong></span> <span class='ocrx_word' id='word_1_322' title='bbox 1145 3971 1351 4060; x_wconf 80' lang='lat' dir='ltr'><strong>exsequendo.</strong></span> 
     </span>
     <span class='ocr_line' id='line_1_37' title="bbox 142 4061 1350 4156; baseline 0.007 -28"><span class='ocrx_word' id='word_1_323' title='bbox 142 4061 236 4128; x_wconf 84' lang='lat' dir='ltr'><strong>Haeo</strong></span> <span class='ocrx_word' id='word_1_324' title='bbox 251 4067 359 4130; x_wconf 90' lang='lat' dir='ltr'><strong>autem</strong></span> <span class='ocrx_word' id='word_1_325' title='bbox 371 4065 490 4132; x_wconf 80' lang='lat' dir='ltr'><strong>caritas</strong></span> <span class='ocrx_word' id='word_1_326' title='bbox 511 4090 621 4132; x_wconf 90' lang='lat' dir='ltr'><strong>omnes</strong></span> <span class='ocrx_word' id='word_1_327' title='bbox 637 4067 875 4156; x_wconf 76' lang='lat' dir='ltr'><strong>complectitur,</strong></span> <span class='ocrx_word' id='word_1_328' title='bbox 898 4071 1024 4136; x_wconf 88' lang='lat' dir='ltr'><strong>nemine</strong></span> <span class='ocrx_word' id='word_1_329' title='bbox 1045 4071 1137 4156; x_wconf 86' lang='lat' dir='ltr'><strong>quasi</strong></span> <span class='ocrx_word' id='word_1_330' title='bbox 1157 4073 1287 4140; x_wconf 88' lang='lat' dir='ltr'><strong>animali</strong></span> <span class='ocrx_word' id='word_1_331' title='bbox 1302 4093 1350 4138; x_wconf 83' lang='lat' dir='ltr'><strong>ex·</strong></span> 
     </span>
     <span class='ocr_line' id='line_1_38' title="bbox 62 4164 1350 4259; baseline 0.007 -31"><span class='ocrx_word' id='word_1_332' title='bbox 62 4189 67 4212; x_wconf 73' lang='lat'><strong><em>¹</em></strong></span> <span class='ocrx_word' id='word_1_333' title='bbox 143 4167 248 4252; x_wconf 89' lang='lat' dir='ltr'><strong>oepto.</strong></span> <span class='ocrx_word' id='word_1_334' title='bbox 294 4164 420 4248; x_wconf 79' lang='lat' dir='ltr'><strong>Quodsi</strong></span> <span class='ocrx_word' id='word_1_335' title='bbox 433 4168 578 4238; x_wconf 83' lang='lat' dir='ltr'><strong>inimicos</strong></span> <span class='ocrx_word' id='word_1_336' title='bbox 594 4193 614 4234; x_wconf 88' lang='lat' dir='ltr'><strong>a</strong></span> <span class='ocrx_word' id='word_1_337' title='bbox 628 4171 721 4236; x_wconf 91' lang='lat' dir='ltr'><strong>nobis</strong></span> <span class='ocrx_word' id='word_1_338' title='bbox 738 4172 828 4259; x_wconf 88' lang='lat' dir='ltr'><strong>diligi</strong></span> <span class='ocrx_word' id='word_1_339' title='bbox 847 4172 938 4238; x_wconf 84' lang='lat' dir='ltr'><strong>iubet</strong></span> <span class='ocrx_word' id='word_1_340' title='bbox 952 4173 1043 4252; x_wconf 87' lang='lat' dir='ltr'><strong>deus,</strong></span> <span class='ocrx_word' id='word_1_341' title='bbox 1059 4197 1118 4240; x_wconf 88' lang='lat' dir='ltr'><strong>nos</strong></span> <span class='ocrx_word' id='word_1_342' title='bbox 1134 4175 1264 4259; x_wconf 90' lang='lat' dir='ltr'><strong>quidem</strong></span> <span class='ocrx_word' id='word_1_343' title='bbox 1285 4173 1350 4240; x_wconf 91' lang='lat' dir='ltr'><strong>dili·</strong></span> 
     </span>
     <span class='ocr_line' id='line_1_39' title="bbox 143 4265 1350 4362; baseline 0.007 -31"><span class='ocrx_word' id='word_1_344' title='bbox 143 4265 249 4354; x_wconf 85' lang='lat' dir='ltr'><strong>gendo</strong></span> <span class='ocrx_word' id='word_1_345' title='bbox 280 4291 344 4334; x_wconf 90' lang='lat' dir='ltr'><strong>non</strong></span> <span class='ocrx_word' id='word_1_346' title='bbox 374 4269 537 4346; x_wconf 83' lang='lat' dir='ltr'><strong>reddimur</strong></span> <span class='ocrx_word' id='word_1_347' title='bbox 558 4271 732 4340; x_wconf 80' lang='lat' dir='ltr'><strong>deteriores</strong></span> <span class='ocrx_word' id='word_1_348' title='bbox 765 4279 920 4362; x_wconf 91' lang='lat' dir='ltr'><strong>tanquam</strong></span> <span class='ocrx_word' id='word_1_349' title='bbox 947 4275 988 4344; x_wconf 90' lang='lat' dir='ltr'><strong>ab</strong></span> <span class='ocrx_word' id='word_1_350' title='bbox 1013 4275 1206 4344; x_wconf 89' lang='lat' dir='ltr'><strong>animalibus</strong></span> <span class='ocrx_word' id='word_1_351' title='bbox 1233 4275 1350 4346; x_wconf 89' lang='lat' dir='ltr'><strong>maoula</strong></span> 
     </span>
    </p>
   </div>
   <div class='ocr_carea' id='block_1_8' title="bbox 145 4454 346 4467">
    <p class='ocr_par' dir='ltr' id='par_1_8' title="bbox 145 4454 346 4467">
     <span class='ocr_line' id='line_1_40' title="bbox 145 4454 346 4467; baseline 0 0"><span class='ocrx_word' id='word_1_352' title='bbox 145 4454 346 4467; x_wconf 70' lang='lat'><strong>———</strong></span> 
     </span>
    </p>
   </div>
   <div class='ocr_carea' id='block_1_9' title="bbox 158 4570 424 4658">
    <p class='ocr_par' dir='ltr' id='par_1_9' title="bbox 158 4570 424 4658">
     <span class='ocr_line' id='line_1_41' title="bbox 158 4570 424 4658; baseline 0.008 -29"><span class='ocrx_word' id='word_1_353' title='bbox 158 4646 161 4658; x_wconf 31' lang='grc'><strong>,</strong></span> <span class='ocrx_word' id='word_1_354' title='bbox 196 4570 224 4640; x_wconf 92' lang='lat'><strong>¹)</strong></span> <span class='ocrx_word' id='word_1_355' title='bbox 241 4586 267 4640; x_wconf 82' lang='lat' dir='ltr'><strong>p.</strong></span> <span class='ocrx_word' id='word_1_356' title='bbox 279 4572 424 4632; x_wconf 71' lang='lat' dir='ltr'><strong>tat-tot.</strong></span> 
     </span>
    </p>
   </div>
   <div class='ocr_carea' id='block_1_10' title="bbox 0 0 1423 5054">
    <p class='ocr_par' dir='ltr' id='par_1_10' title="bbox 0 0 1423 5054">
     <span class='ocr_line' id='line_1_42' title="bbox 0 0 1423 5054; baseline 0 0"><span class='ocrx_word' id='word_1_357' title='bbox 0 0 1423 5054; x_wconf 95' lang='lat' dir='ltr'><strong> </strong></span> 
     </span>
    </p>
   </div>
  </div>
 </body>
</html>
