2830 5052
572 326 880 406 .92'

13 499 23 513 ’
147 511 370 592 ‚‚Traduntur,
390 511 507 602 inquit,
526 513 696 600 mystice
715 493 904 600 mysteria.“
946 509 1086 600 Deque
1105 511 1229 580 ratione
1243 511 1346 600 postea
1405 553 1406 558 κ

147 613 211 680 erit
230 615 463 682 disserendum.
507 614 576 682 Nec
594 636 671 682 vero
691 615 794 684 solum
814 637 982 685 numerum
1001 613 1228 700 mysteriorum
1247 616 1346 680 tacen-

147 717 261 784 dorum
286 740 450 805 parvum
477 739 549 786 esse
574 741 660 786 nunc
685 718 922 806 concludimus,
954 717 1011 786 sed
1042 716 1192 783 nullum
1221 715 1346 784 omnino.
1404 737 1405 782 i

149 819 250 885 Suam
276 819 362 886 enim
387 819 491 907 ipsius
515 821 702 888 memoriam
728 821 868 908 scriptis·
885 819 1038 889 adiuvare
1069 818 1152 886 vult.
1190 817 1300 911 Atqu
1319 817 1347 882 in

147 918 329 1008 mysteriis,
350 923 388 988 ut
408 945 491 1012 quae
509 921 595 988 haud
616 922 766 990 facillime
791 921 1031 1008 intelligantur,
1056 919 1117 988 hoc
1141 920 1347 986 adiumentum

26 1017 28 1028 ’
147 1024 365 1090 necessarium
381 1019 478 1114 quain
491 1024 641 1090 maxime.
666 1025 812 1112 Mystico
824 1027 932 1092 autem
948 1021 1098 1090 tradendi
1107 1023 1192 1088 ratio
1203 1022 1307 1100 elficit,
1318 1023 1350 1086 ul

147 1125 253 1216 pauci,
269 1127 325 1216 qui
339 1147 453 1214 capere
467 1130 617 1216 possunt,
632 1127 789 1214 mysteria
803 1127 941 1204 discant,
961 1126 1060 1196 ceteri
1079 1147 1120 1194 ne
1134 1123 1269 1192 audiant
1287 1121 1348 1212 qui-

147 1225 229 1294 dem.
270 1229 363 1317 Ergo
379 1226 580 1296 Clementem
595 1230 713 1308 omnia,
729 1253 749 1296 a
763 1227 950 1296 doctoribus
966 1228 1036 1296 suis
1055 1229 1201 1316 accepta,
1221 1227 1291 1292 tote
1307 1226 1348 1290 at·
1402 1312 1406 1323 Ι

5 1367 6 1372 1
148 1351 210 1420 que
224 1330 354 1419 integra
368 1353 441 1398 esse
454 1332 632 1400 relaturum
647 1331 814 1421 probabile
827 1335 890 1398 est.
933 1329 1099 1406 Nonnulla
1111 1331 1221 1399 autom
1237 1329 1347 1416 myste·
1405 1401 1407 1410 ,

148 1425 207 1512 rid,
224 1435 362 1522 mystice
376 1435 535 1502 tradendo
548 1439 639 1502 tacet
653 1436 775 1513 multis,
790 1435 903 1524 paucis
919 1432 1083 1523 aperit1).¹
1131 1455 1133 1460 ·
1405 1469 1407 1474 ·

210 1535 288 1603 Jam
302 1559 379 1603 vero
400 1537 577 1627 quaeritur,
600 1543 710 1611 utrum
729 1539 837 1606 omnia
855 1539 904 1604 ita
923 1535 1041 1603 reterre
1061 1531 1193 1628 studere
1213 1529 1349 1608 voluerit,
1400 1559 1407 1629 p

146 1637 185 1702 ut
199 1659 257 1724 pro
281 1643 352 1705 arte
370 1641 509 1729 quadam
527 1644 562 1708 et
580 1643 763 1730 praeceptis
783 1645 855 1710 tota
873 1637 1010 1706 traditio
1027 1635 1125 1704 certis
1146 1633 1350 1704 voluminibus

147 1737 346 1819 absolvatur,
362 1765 404 1807 an
419 1765 457 1809 eo
472 1743 577 1820 modo,
593 1745 632 1809 ut
647 1742 715 1810 sine
730 1744 802 1830 lege
816 1741 986 1818 namhoc,
1007 1759 1094 1808 nuuc
1108 1736 1197 1804 aliud
1212 1737 1349 1827 exponat.

152 1841 240 1908 Sunt
259 1843 363 1928 igitur
380 1866 445 1910 uon
468 1845 575 1932 pauci,
598 1845 653 1933 qui
670 1845 838 1912 stromata
858 1845 928 1914 sine
947 1844 1018 1929 lege
1037 1863 1076 1908 ac
1095 1840 1224 1920 vinculo
1243 1839 1351 1928 scripto

148 1964 222 2010 esse
244 1943 425 2032 opinantur.
471 1945 537 2012 Sed
563 1946 642 2013 haec
663 1949 813 2038 quaestio
832 1947 875 2013 ad
891 1941 996 2018 totam
1017 1942 1199 2012 Clementis
1211 1943 1248 2010 in
1268 1942 1349 2009 Stro-

147 2045 246 2112 matis
261 2046 440 2114 adhibitam
454 2048 645 2137 disputandi
659 2050 744 2118 viam
758 2053 793 2118 et
806 2047 966 2118 rationem
979 2045 1141 2137 pertinet,
1163 2045 1206 2113 de
1225 2067 1288 2137 qua
1303 2043 1347 2109 de·

146 2147 257 2240 inceps
271 2171 417 2237 agamus.
631 2199 634 2208 r
932 2171 938 2178 ·
954 2193 957 2203 ι
1262 2199 1266 2208 .

722 2323 791 2409 ss
859 2309 865 2322 ’

217 2437 279 2514 De
302 2437 542 2528 disputandi
563 2441 686 2510 viaet
707 2441 884 2522 ratione,
913 2433 1231 2530 quam‘Clemens
1252 2435 1288 2504 in

458 2583 475 2600 x
513 2543 731 2612 Stromatis
754 2540 992 2638 adhibuerit.
1045 2613 1050 2624 ,

215 2673 241 2742 J
241 2697 292 2740 am
308 2699 407 2766 quum
422 2679 462 2746 de
476 2679 666 2768 disputandi
680 2683 734 2749 via
747 2683 782 2748 et
791 2680 927 2757 ratione,
939 2701 1003 2768 qua
1014 2674 1165 2744 Clemens
1175 2695 1257 2741 usus
1268 2667 1353 2740 luerit
1408 2702 1409 2740 ι

146 2774 181 2840 in
197 2775 384 2860 stromatis,
405 2783 640 2871 expositionem
661 2783 835 2864 ordiamur,
855 2783 993 2873 primum
1015 2779 1143 2871 quidem
1161 2775 1351 2844 animadver-
1408 2807 1409 2843 r

148 2879 282 2948 tendum
297 2886 359 2962 est,
374 2884 455 2950 nihil
474 2908 585 2954 omnes
599 2886 694 2954 huius
710 2885 974 2978 quaestiunculae
988 2883 1111 2973 peritos
1130 2880 1238 2968 magis
1252 2872 1351 2964 ecgni-
1408 2909 1409 2942 r

148 2982 220 3048 tum
246 2983 375 3069 habere,
404 3009 501 3074 quam
527 2989 774 3058 similitudinem
792 2991 893 3067 illam,
919 3011 984 3074 qua
1002 2984 1154 3052 Clemens
1175 2982 1259 3082 ipse³
1283 2973 1350 3068 quid
1408 3035 1409 3048 ,

149 3087 229 3152 varii
250 3091 435 3178 argumenti
456 3091 556 3160 libros
578 3093 769 3183 στρωματεῖς
786 3093 955 3184 appellans
973 3087 1117 3154 indicare
1135 3083 1286 3168 voluerit,
1304 3103 1351 3147 ex·
1408 3107 1409 3110 ¹

131 3188 271 3284 'planat
315 3191 381 3259 Est
406 3198 515 3262 autem
534 3195 623 3262 haec.
666 3195 778 3274 „Sunt
804 3195 1008 3264 Stromatum
1028 3189 1102 3256 libri
1128 3181 1351 3276 quodamnodo
1408 3215 1409 3222 ¹

151 3291 284 3372 similos,
305 3315 370 3361 non
391 3298 519 3383 quidem
542 3299 717 3366 elaboratis
738 3299 841 3366 hortis
864 3296 945 3376 illis,
971 3293 1005 3359 in
1030 3291 1147 3378 quibus
1173 3289 1301 3358 arbores
1323 3285 1353 3350 et
1408 3315 1409 3320 κ

148 3393 280 3482 plantae
294 3396 328 3462 in
342 3403 467 3468 certum
479 3402 622 3469 ordinem
637 3403 679 3468 ad
694 3402 803 3468 oculos
819 3395 1026 3466 delectandos
1041 3394 1194 3482 digestae
1205 3393 1291 3468 sunt,
1303 3383 1352 3455 sed

148 3500 252 3566 monti
265 3501 376 3589 potius
391 3503 486 3570 elicui
501 3505 654 3572 umbroso
670 3527 708 3570 ac
722 3503 834 3582 denso,
848 3503 882 3567 in
898 3521 962 3588 quo
982 3497 1078 3565 simul
1097 3497 1266 3584 plantatae
1284 3487 1352 3558 sunt

148 3603 295 3690 cupressi
310 3608 345 3672 et
359 3605 495 3696 platani,
510 3608 621 3674 laurus
636 3610 671 3672 et
684 3605 813 3685 hedera,
833 3603 910 3671 mali
925 3606 967 3700 et
978 3601 1068 3669 oleae
1089 3602 1123 3666 et
1143 3598 1244 3692 licus,¹
1255 3597 1302 3662 ita
1318 3591 1350 3656 ul

148 3703 189 3770 de
207 3705 368 3774 industria
388 3709 542 3777 fertilium
564 3729 629 3777 nna
650 3711 686 3776 et
709 3731 773 3775 non
792 3707 947 3776 fertilium
967 3706 1100 3796 plantae
1120 3699 1271 3768 arborum
1291 3691 1351 3762 sint

147 3808 351 3889 commixtae,
367 3813 518 3898 quoniam
534 3813 668 3901 scriptio
683 3814 816 3901 propter
836 3833 902 3889 eos,
924 3808 990 3897 qui,
1011 3827 1094 3895 quae
1115 3807 1195 3872 sunt
1214 3801 1350 3869 matura

149 3912 329 4002 surripiunt
343 3915 378 3979 et
390 3911 551 3993 furantur,
566 3915 639 3981 vult
651 3916 763 3982 latere.
808 3913 861 3979 Ex
875 3911 993 4000 quibus
1009 3911 1037 3978 si
1052 3905 1196 3997 agricola
1208 3907 1350 3988 canapo·

147 4035 225 4082 nere
238 4014 379 4084 voluerit
392 4015 534 4103 plantas,
550 4017 720 4105 pulchrum
734 4017 864 4084 bortum
880 4012 1050 4082 exornabit
1063 4016 1099 4078 et
1118 4029 1233 4076 nemus
1251 4009 1350 4072 ardoe-

148 4141 235 4186 num.
278 4117 391 4204 Neque
406 4139 484 4205 ergo
504 4117 660 4198 ordinem,
680 4141 785 4211 neque
805 4118 979 4185 dictionem
1000 4117 1152 4203 spectant
1170 4107 1350 4178 norisne

150 4223 285 4298 malum,
301 4241 401 4305 quum
415 4221 514 4286 etiam
531 4215 650 4290 Graeci
665 4223 706 4290 de
721 4223 884 4291 industria
896 4221 1087 4288 nolintessc
1098 4213 1249 4282 dictionis
1262 4225 1350 4276 omn·

147 4325 230 4404 tuma
245 4326 354 4410 atque,
369 4321 403 4387 id
424 4327 570 4410 agentes,
590 4327 640 4403 ut,
662 4325 766 4412 siqui
788 4325 910 4413 scripta
926 4324 1071 4411 ipsorum
1095 4317 1218 4406 legant,
1238 4311 1271 4378 hi
1289 4303 1351 4418 elul

146 4425 298 4496 laboriosi
318 4445 471 4516 acresque
492 4427 533 4494 od
554 4417 793 4514 inveniendum,
820 4427 975 4515 dogmata
993 4423 1145 4501 latenter,
1170 4440 1235 4486 noo
1253 4414 1291 4480 et
1308 4425 1348 4473 τοι

203 4629 228 4699 ¹)
244 4630 277 4686 cl.
289 4631 388 4700 pete.
