2830 5052
731 356 773 424 86

656 449 858 460 ——u--u-

430 733 489 800 Dc
504 725 626 799 huius
649 735 781 826 operis
802 734 1089 822 inscriptione.
1131 780 1135 790 ι
1176 763 1197 788 ..

215 853 334 920 Veram
346 872 385 918 ac
395 851 523 938 plenam
531 847 733 918 Stromatum
744 852 985 940 inscriptionem
998 853 1067 918 sine
1077 848 1353 919 ullaeontroversia

149 955 314 1023 Eusebius
326 953 422 1023 nobis
438 948 588 1018 servavit.
631 953 746 1032 „Libri
762 956 963 1025 Strumatum
984 953 1174 1033 Clementis,
1195 951 1354 1040 inquitis

150 1058 336 1124 universum
351 1060 425 1122 octo
435 1052 523 1142 apud
531 1077 595 1144 nos
608 1061 749 1134 exstant,
766 1077 864 1144 quos
880 1057 999 1124 etiam
1013 1058 1101 1146 ipso
1125 1058 1183 1124 sic
1195 1055 1353 1140 inscrip-

152 1161 224 1226 sit:
255 1159 325 1224 Titi
339 1153 639 1224 Flavii'Clementis
662 1161 836 1231 secundum
857 1181 965 1225 voram
986 1158 1221 1248 philosophiam
1240 1155 1353 1245 gnosti-

151 1285 262 1330 corum
282 1261 583 1328 commentariorum
605 1261 871 1348 Erpcporsie‘ss).
915 1261 1038 1328 Eadem
1065 1265 1174 1328 autem
1198 1257 1354 1347 inscriptio

151 1367 193 1432 ad
207 1365 317 1430 Photii
331 1351 471 1430 aetatem
485 1363 521 1429 in
535 1363 643 1429 codice
663 1365 801 1450 quodam
816 1357 1006 1452 pervetusto
1027 1368 1156 1431 servata
1175 1367 1236 1436 est.
1279 1361 1353 1440 „Re-

151 1469 231 1556 peri,
248 1468 296 1534 ait
309 1465 373 1543 ills,
387 1466 422 1530 in
439 1469 571 1554 vetusto
586 1467 694 1533 libello
709 1466 864 1554 quodam,
884 1465 1042 1555 hocopus
1062 1489 1127 1534 non
1147 1467 1251 1533 solum
1261 1466 1353 1553 Στρω-

153 1575 257 1656 ματεῖς
277 1567 488 1656 inscriptum,
510 1568 568 1660 sed
588 1563 715 1656 integre
734 1571 796 1636 hcc
820 1570 931 1636 modos
960 1569 1029 1658 Titi
1050 1569 1160 1634 Flavii
1176 1565 1353 1641 Clementis,

151 1671 334 1760 presbytcri
348 1671 561 1738 Alexandrini
576 1671 797 1757 gnosticorum
814 1671 989 1736 secundum
1008 1691 1118 1736 veram
1133 1669 1354 1758 philosophiam

10 1801 20 1824 s
49 1835 50 1844 ,
152 1773 455 1841 commentariorum
477 1773 679 1840 Stromatum
701 1776 842 1862 primus,
869 1773 1031 1848 secundus
1048 1776 1110 1839 sto.
1137 1777 1200 1840 etc.
1217 1772 1354 1850 liberes).

74 1913 77 1918 ,
151 1876 252 1942 Hunc
263 1867 367 1960 igitur
380 1875 524 1953 titulum,
545 1879 585 1941 ut
597 1875 676 1942 nihil
690 1879 753 1954 est,
768 1895 826 1942 cur·
839 1897 951 1941 ’verum
973 1897 1045 1942 esso
1064 1895 1180 1962 neges,
1213 1874 1259 1942 sic
1279 1893 1354 1940 sum·-

60 1965 66 1972 ”
151 2001 237 2043 mam
249 1977 511 2066 probabilitatem
532 1979 696 2066 exipsius
717 1980 824 2066 operis
842 1979 917 2044 libri
942 1979 1026 2045 sexti
1045 1978 1139 2044 initio
1158 1977 1354 2048 nanciscitur,

152 2081 239 2166 quod
253 2079 303 2146 his
319 2079 426 2146 verbis
442 2081 548 2147 utitur
561 2081 692 2169 primis:
708 2077 798 2160 „Hic
811 2087 920 2160 autem
933 2068 1051 2147 sextus
1057 2080 1152 2146 simul
1162 2073 1354 2168 et'septimos

150 2183 233 2249 liber
247 2183 469 2270 gnosticorum
489 2183 664 2250 secundum
684 2207 792 2251 veram
812 2182 1047 2272 philosophiam
1066 2183 1354 2250 commentariorum

151 2285 352 2371 Στρωματεὺς
368 2287 498 2368 storo).
541 2285 700 2352 Attamen
707 2289 754 2352 *ut
767 2287 851 2354 hanc
864 2285 1108 2374 inscriptionem
1119 2285 1154 2351 in
1168 2283 1300 2352 dubium
1313 2301 1355 2346 rc-

37 2425 59 2459 -,
152 2407 263 2464 voces,
294 2386 329 2450 id
354 2386 480 2456 efficere
507 2388 632 2476 possit,
659 2389 744 2474 quod
767 2385 919 2455 Clemens
939 2389 1038 2454 etiam
1060 2381 1251 2476 simpliciter·
1270 2386 1356 2452 libros

151 2489 223 2554 illos
238 2488 380 2576 appellet
394 2489 589 2575 Στρωματεῖς
605 2491 656 2556 vel
672 2493 899 2582 tupvipcrni).
914 2533 921 2554 ι
944 2489 1032 2574 Quid
1048 2493 1146 2578 crgo?
1161 2491 1248 2559 Num
1263 2485 1356 2555 brevis

59 2653 62 2665 ,
151 2591 586 2678 inscriptiovcra‚anlongai
601 2593 1354 2660 Hocaddiscernendumsaneestdiilieillimum·

156 2691 364 2781 Quamquam
377 2693 512 2758 Eusebii
522 2695 746 2761 testimonium
758 2696 888 2782 longam
904 2697 1029 2762 tuentis
1047 2697 1169 2782 aliquid
1180 2695 1278 2762 valet.
1302 2687 1356 2758 Sed

151 2795 232 2860 illud
247 2795 384 2884 quoque,
400 2795 487 2880 quod
501 2819 566 2863 non
587 2797 689 2864 solum
705 2798 899 2884 Στρωματεῖς
919 2821 978 2886 pro
998 2803 1068 2866 tota
1081 2798 1298 2886 *inscriptions
1315 2793 1355 2857 in·

32 2921 34 2930 ’
152 2897 290 2976 venitur,
307 2897 364 2962 sed
378 2891 479 2962 ctiam
495 2901 708 2986 inominata,
710 2947 714 2952 -
729 2901 839 2986 magni
856 2901 1008 2968 momenti
1024 2922 1096 2998 csse
1110 2901 1251 2968 videtur.
1281 2897 1358 2964 Hinc
1410 2937 1411 2980 4

152 3000 248 3076 enim,
276 3001 428 3069 neutrum
449 3021 559 3068 sorum
579 3003 685 3068 totuni
715 3001 849 3068 titulum
868 3003 1058 3082 indicare,
1049 2995 1117 3070 imo
1135 3006 1307 3088 utrumque
1324 3017 1356 3061 ex
1410 2993 1411 3034 l

150 3093 298 3192 longiore
310 3095 463 3168 brevitat'
439 3105 482 3168 trs
498 3123 598 3170 causa
606 3105 782 3194 repetitum
796 3127 881 3184 csse,
897 3109 1044 3194 apparet.
1087 3105 1134 3170 Et
1149 3124 1228 3171 sane
1243 3107 1355 3172 utrum·
1410 3139 1411 3184 3

131 3229 214 3292 ·que
242 3206 387 3292 longiore
412 3211 489 3272 cont
474 3207 607 3272 tinctus.
651 3209 701 3273 At
686 3209 758 3294 tqui
779 3208 865 3274 duas
887 3209 1051 3274 breviores
1078 3229 1118 3273 ex
1132 3231 1199 3273 una
1226 3204 1357 3292 longiore
1409 3193 1411 3240 l

151 3309 300 3396 sumptas
315 3301 521 3376 verisimilius
537 3309 599 3386 est,
614 3316 711 3394 quarn
726 3309 852 3376 duabus
872 3308 1060 3399 compositis
1075 3313 1115 3376 ot
1123 3311 1230 3378 auctis
1244 3304 1356 3394 longis·
1410 3297 1411 3340 l

153 3429 221 3475 rem
248 3412 468 3480 cesenatem·
497 3411 645 3496 (Itaque,
676 3413 869 3499 praesertim
900 3437 999 3500 quum
1025 3416 1159 3485 externa
1182 3403 1358 3492 testimonis

122 3587 124 3591 ⁸
151 3511 330 3599 longiorem
344 3511 445 3578 etiam
458 3513 643 3592 defendant,
657 3511 743 3580 hanc
757 3534 866 3580 veram
881 3535 955 3582 esse
967 3535 1147 3583 censemus.
1247 3534 1251 3546 ¹

215 3612 314 3696 Quod
338 3617 446 3680 autem
472 3616 506 3680 in
530 3615 590 3682 hoc
614 3616 713 3682 titulo
738 3617 877 3684 manime
896 3622 949 3685 est
972 3619 1115 3706 insigne,
1140 3637 1256 3683 nomen
1270 3607 1358 3676 habet

150 3717 361 3803 Στρωματέων
377 3717 468 3810 quod
477 3716 577 3784 latine
592 3720 724 3783 vertunt
739 3719 793 3784 clii
815 3719 934 3810 „Opus
955 3722 1043 3789 varie
1065 3721 1286 3794 contextum,“
1310 3706 1356 3776 alil

43 3869 47 3874 .
153 3817 421 3902 „Miscellanea.“
465 3819 554 3903 Quid
565 3811 668 3906 igitrir
679 3820 849 3906 significet,
866 3847 970 3912 quum.
978 3824 1019 3890 de
1030 3823 1136 3920 operis
1150 3820 1256 3886 indole
1266 3817 1356 3884 disse·

93 3953 96 3957 ·
149 3922 329 4018 ruerimus,
360 3922 492 3988 uberius
508 3921 758 3990 enucleabimus.
791 3915 941 3993 Olemcns
962 3923 1133 4013 snim'ipse
1147 3925 1182 3990 id
1199 3921 1356 4009 haudque·

152 4044 249 4112 quam
263 4028 298 4090 in
312 4024 465 4112 ambiguo
480 4023 621 4111 reliquit.
635 4054 637 4060 ·
665 4025 733 4094 Sed
746 4047 806 4116 pro
818 4021 881 4096 bac
893 4019 1000 4096 indole
1014 4029 1145 4118 poterat
1159 4027 1256 4096 otiam
1266 4021 1356 4090 *mam

205 4297 434 4384 ¹.e)HeVi.13.
442 4298 586 4356 Τίτου
595 4295 880 4373 φλαβίουΚλημειιος
888 4304 944 4359 τῶν
953 4297 1024 4358 κατὰ
1035 4296 1086 4372 τὴν
1094 4294 1187 4373 eliciti
1196 4293 1356 4374 pensentur

148 4390 290 4459 yo'mamam
279 4359 714 4460 vdhoponpdrnvccpnpcrnc.
1394 4407 1402 4416 ·

139 4459 1354 4598 ’ωὼωὼωῇωωωωωωωωωὼωιψψῴΜ

202 4557 762 4630 3)Μπὼῆωωωωω,

212 4646 460 4716 )pfflmm
