2820 5052
629 319 771 385 -166
909 325 913 336 ’

135 511 263 580 omnia
285 501 505 586 scrutatur,
534 507 651 575 etiam
676 503 870 596 profunda
891 503 960 574 rle'i.
1003 503 1192 596 Spiritalem
1210 504 1304 572 enlm
1328 507 1365 572 et

136 615 320 702 gnosticum
342 610 434 676 novit
453 629 526 676 esse
541 611 644 676 sancti
660 607 804 700 Spiritus
827 607 1020 697 discipulum
1027 641 1037 686 ,
1058 607 1109 674 cni
1130 609 1211 674 deus
1232 625 1363 696 suppe-

136 717 238 792 ditat,
268 713 347 800 quid
375 713 419 778 sit
440 709 565 778 Christi
586 733 711 780 sensus.
755 712 955 780 Animalia
982 713 1113 776 autem
1139 709 1253 776 homo
1282 721 1365 776 non

138 816 316 906 suscipit
331 838 389 892 ea,
413 837 514 901 quae
543 817 637 880 sunt
660 799 846 902 spiritum
875 815 969 880 sunt
991 811 1085 878 enim
1107 811 1142 877 ei
1164 811 1366 883 stultitia.

137 920 192 989 Ab
207 919 267 984 hoc
281 941 358 983 vero
373 913 566 1003 cognitionis
581 915 725 1003 fastigio,
742 917 783 982 ab
798 916 860 982 llao
874 917 1022 1003 gnostica
1035 914 1247 1004 perfectione,
1263 915 1367 1004 Apo-

136 1021 241 1090 stolus
256 1019 432 1107 distinguit
444 1019 541 1086 fidem
556 1037 766 1096 communem,
790 1039 887 1104 quam
902 1018 982 1084 alias
997 1021 1094 1086 vocat
1119 1015 1368 1088 fundamen-

136 1129 235 1208 tum,
258 1123 338 1188 alias
366 1122 464 1189 etiam
486 1121 563 1201 lac,
592 1141 656 1208 quo
675 1125 804 1188 tantum
832 1106 998 1198 fruantur,
1027 1121 1084 1207 qui
1106 1121 1172 1186 sint
1198 1119 1367 1186 carnales.

139 1227 206 1296 Sed
216 1225 272 1316 qui
285 1225 395 1292 divina
409 1219 566 1312 cogitant,
581 1218 615 1290 hi
631 1228 710 1291 sunt
723 1219 863 1310 gnostici
878 1211 944 1290 eibi
956 1224 1143 1312 participes.
1186 1221 1300 1290 Fides
1317 1225 1368 1290 est

136 1329 450 1405 fundamentum,
492 1347 591 1417 snpra
630 1327 717 1418 quod
753 1326 965 1393 aedificantur
1006 1325 1148 1414 gnostici
1172 1318 1366 1392 thesauri:

135 1451 288 1509 aurum,
317 1433 539 1518 argentum,
561 1429 718 1518 lapides
748 1425 932 1518 pretiosi.
975 1427 1139 1503 Haereses
1154 1429 1270 1493 aute'm
1289 1427 1367 1492 huic

28 1585 32 1590 -
135 1535 346 1602 fundamento
369 1533 542 1621 imponunt
578 1531 745 1620 stipula,
783 1531 909 1619 ligna,
946 1527 1111 1596 io'snum.
1166 1529 1230 1594 llla
1256 1529 1367 1617 ig'itur

95 1650 98 1658 '
139 1635 435 1725 cognitionisdona
456 1637 567 1724 aperte'
581 1629 701 1700 litteris
717 1633 814 1700 scribi
829 1655 894 1700 non
911 1633 1073 1720 poterant.

198 1739 276 1808 Jam
306 1757 382 1804 vero
408 1737 556 1824 symbola
578 1737 797 1824 Pythagorica
813 1744 860 1805 'ac
889 1733 1117 1802 similitudines
1145 1733 1304 1822 pendent
1329 1758 1366 1802 ex

138 1843 276 1910 barbara
300 1839 514 1930 philosophia.
556 1833 754 1908 Huiusmodi
777 1839 871 1904 sunt:
907 1837 1023 1904 Domi
1049 1859 1097 1902 ne
1121 1835 1273 1902 habeas
1308 1837 1364 1902 hi·

136 1942 356 2010 rundineml
395 1943 474 2026 Qui
497 1936 668 2030 surg'uht
690 1963 707 2008 e
729 1937 866 2018 cubili,
889 1938 1133 2011 conturbent
1152 1939 1365 2026 stragula!

137 2047 266 2134 Super
305 2048 455 2111 terram
496 2063 573 2112 non
613 2045 677 2110 est
717 2042 998 2130 naviganduml
1045 2041 1099 2108 Ne
1140 2043 1368 2128 gestentur

136 2147 292 2226 annuli,
325 2169 422 2214 neve
444 2146 601 2214 deo'rum
623 2143 818 2232 imagines
841 2146 898 2212 eis
924 2144 1216 2232 insculpantur.
1265 2145 1368 2228 Quae

135 2251 244 2318 omnia
264 2271 412 2316 exsecra
432 2251 594 2338 scriptura
607 2248 730 2338 optime
748 2239 997 2336 explicantur).
1040 2247 1096 2312 Ad
1115 2246 1269 2312 ultimum
1293 2249 1367 2335 qui-

135 2353 212 2420 dem.
228 2351 314 2439 q'uod
329 2351 464 2430 attinet,
487 2351 621 2438 Moyses
644 2350 756 2416 multis
772 2353 849 2416 ante
870 2350 988 2416 seculis
1008 2349 1081 2436 lege
1101 2349 1211 2416 sanxit
1232 2353 1367 2438 aperte,

135 2479 177 2522 ne
192 2456 264 2542 quis
281 2449 344 2520 sibi
358 2453 459 2519 faciat
472 2453 647 2541 imaginem
661 2451 713 2518 vel
728 2440 922 2540 sculptilem,
945 2451 997 2517 vel
1010 2451 1149 2529 fusilem,
1169 2452 1222 2518 vel
1236 2453 1368 2533 fictum,

136 2557 188 2624 vel
198 2555 330 2644 pictam,
346 2559 394 2634 ut,
410 2579 493 2642 quae
506 2551 654 2622 sensibus
666 2553 899 2646 percipiuntur,
912 2577 950 2620 ea
960 2553 1090 2624 minime
1102 2553 1367 2636 attenderemus,

139 2659 197 2726 sed
211 2658 425 2724 transiremus
441 2659 483 2724 ad
498 2681 546 2735 ea,
564 2679 646 2745 quae
660 2655 878 2744 intelligentia
892 2653 1117 2745 compieh‘endi
1131 2663 1289 2746 possunt.
1319 2663 1368 2729 Ut

136 2759 222 2828 enim
242 2759 294 2826 dei
313 2760 468 2828 maiestas
488 2760 561 2827 vilis
582 2759 642 2824 fiat
660 2762 695 2824 et
711 2757 912 2847 contempta,
933 2759 1034 2824 efficit
1053 2759 1205 2846 frequens
1226 2761 1368 2832 videndi

136 2864 353 2942 eonsuetud03
375 2863 552 2930 essentiam
568 2865 687 2940 autem,
704 2885 786 2949 quae
802 2865 910 2928 mente
924 2861 1130 2949 intelligitur,
1150 2868 1301 2936 materia
1314 2893 1368 2937 co-

135 2965 308 3046 lere,'idem
324 2969 386 3045 est,
403 2971 502 3052 atque
516 2966 670 3032 dedecore
685 2987 756 3031 eam
771 2965 907 3032 afficere.
933 2965 983 3031 At
997 2987 1073 3032 vero
1088 2971 1174 3046 sunt,
1189 2969 1248 3054 qui
1263 2971 1369 3039 deum

136 3068 290 3146 colentes,
305 3065 394 3134 iacto
408 3069 488 3136 coeli
503 3068 620 3156 effigie,
643 3089 725 3153 quae
741 3072 833 3134 astra
853 3067 1093 3156 complectitur,
1115 3092 1188 3136 eum
1209 3071 1368 3143 adorant.

138 3171 204 3238 Sed
226 3169 278 3236 dei
293 3170 433 3260 effigiem
453 3173 608 3239 habemus
627 3170 662 3236 in
680 3169 817 3236 homine.
860 3171 1086 3250 Faciamus,
1113 3173 1162 3238 eit
1186 3172 1369 3264 Scriptura

16 3264 19 3284 '
136 3277 260 3353 nostra,
281 3273 472 3340 hominem
487 3273 534 3339 ad
548 3273 759 3360 imaginem
774 3275 817 3339 et
833 3271 1141 3340 similitudinem
1161 3282 1367 3360 nostram;

138 3399 235 3463 quam
257 3376 453 3442 sententiam
472 3375 622 3464 Eurysus
640 3375 866 3463 Pythagoreus
887 3375 1060 3442 manifesto
1079 3377 1227 3465 pluribus
1249 3384 1367 3450 verbis

136 3477 272 3566 exponit
285 3477 320 3542 in
334 3500 431 3566 opere
446 3477 499 3544 De
514 3477 655 3546 fortuna.
692 3479 748 3546 Ad
765 3499 921 3544 summam
937 3481 1046 3544 autem
1061 3479 1271 3568 Pythagoras
1287 3507 1367 3554 cum

5 3637 10 3651 .
137 3580 304 3669 discipulis
321 3580 390 3666 suis
406 3583 441 3646 et
454 3580 550 3648 Plato
564 3581 703 3648 maxime
723 3603 764 3648 ex
778 3579 979 3669 philosophis
998 3581 1050 3647 usi
1070 3586 1148 3650 sunt
1169 3584 1368 3670 legislatore

137 3683 295 3770 (Moyse).
326 3681 423 3750 Unde
439 3681 566 3750 Graeca
581 3681 709 3772 quidem
723 3683 926 3774 philosophia
941 3683 1055 3752 similia
1071 3690 1123 3754 est
1137 3685 1307 3776 splendori
1324 3717 1367 3760 ex

137 3785 298 3876 lampade,
314 3807 411 3870 quam
425 3784 587 3864 homines,
608 3783 712 3852 lucem
727 3787 899 3854 artificiose
914 3809 934 3852 a
949 3787 1015 3854 sole
1030 3788 1145 3868 iurati,
1166 3795 1367 3864 accendunt

136 3889 231 3976 Logo
243 3889 352 3954 autem
363 3887 560 3976 praedicato,
575 3889 726 3982 universa
737 3891 794 3956 lux
804 3890 860 3957 illu
877 3892 991 3956 sancta
1005 3891 1117 3971 eluxit,
1134 3915 1198 3980 qua
1208 3897 1284 3962 tota
1294 3919 1366 3965 nox

3 4065 11 4080 ι
122 3991 339 4058 ¹illuminetur
352 3992 446 4056 tanto
462 3990 636 4073 solemnis,
652 4015 736 4078 quae
748 3997 856 4062 mente
867 3993 1156 4082 comprehenditur.
1187 3995 1366 4066 Summam

136 4093 236 4160 etiam
257 4113 383 4172 eorum,
413 4115 496 4181 quae
516 4117 536 4159 n
555 4093 672 4182 Moyse
692 4096 781 4164 dicta
807 4099 885 4164 sunt
905 4097 945 4164 de
964 4095 1107 4180 iustitia,
1137 4098 1366 4190 Pythagoras,

83 4279 87 4287 ι
138 4195 342 4266 Stateram
379 4216 455 4262 uon
487 4215 575 4263 esse
615 4199 939 4277 transiliendam,
978 4199 1088 4266 dicens
1118 4201 1206 4270 lecit.
1261 4203 1367 4288 Quae

137 4299 264 4368 'summa
278 4300 346 4365 est:
368 4320 434 4367 non
448 4301 785 4390 praetergrediendam
799 4323 872 4370 esse
893 4303 1197 4389 aequalitatem,
1218 4305 1254 4373 id
1268 4311 1365 4395 quod

71 4610 76 4618 ἱ
191 4537 215 4610 ¹)
231 4541 362 4594 Nonnulla
372 4556 461 4607 reapse
478 4542 649 4612 explicantur,
669 4550 846 4614 qusetumon,
866 4559 944 4613 quum
961 4545 1025 4600 nihil
1040 4546 1152 4601 habeant
1168 4550 1362 4617 cogitationum

135 4629 291 4696 uescenti,
302 4630 365 4688 omit
376 4631 460 4690 unua
473 4657 506 4675 -·
