2814 5052
657 424 680 432 .-
730 333 820 400 rso

79 563 88 586 ι
115 567 118 574 .
140 521 287 586 rtiones
309 519 588 605 aenigmatum.
632 519 816 588 Praescit
832 518 1355 609 siguaetprodigiaettem-

154 644 290 712 porum
312 621 528 705 eventum).

83 757 86 763 ·
156 777 159 784 .
219 724 309 790 Telis
330 727 383 789 est
402 721 486 791 enim
506 721 685 808 gnostious,
706 726 820 790 utere
841 724 928 791 solae
948 724 983 788 in
1002 745 1075 790 eum
1097 721 1219 790 cadant
1232 742 1358 809 perpes·

70 895 73 900 ,
155 827 272 905 siones,
290 848 375 911 quae
387 824 428 889 ad
443 846 559 910 corpus
575 827 829 894 conservandum
841 826 1139 903 suntnecesssriac,
1154 822 1246 890 velut
1258 823 1359 900 fames,

155 929 240 1006 sitis,
258 926 384 994 similis:
429 925 612 992 Servatoris
628 932 738 1018 autem
753 949 869 1018 corpus
886 929 998 996 vivens
1009 929 1148 996 omuino
1168 925 1239 997 sinc
1259 949 1360 994 neees-

156 1030 261 1106 soriis,
283 1032 322 1094 ut
342 1027 429 1114 quod
448 1031 562 1094 sancta
586 1029 708 1096 virtute
734 1032 965 1100 contineretur.
1013 1028 1214 1098 Comedebat
1238 1031 1362 1115 propter

156 1153 211 1198 eos
226 1133 367 1207 tantum,
384 1129 575 1214 quibuscum
594 1133 802 1212 versabatur,
827 1156 869 1200 ne
889 1155 1006 1222 corpus
1033 1133 1102 1200 eins
1128 1122 1187 1220 pro
1213 1128 1362 1216 phantas-

154 1235 242 1302 mate
257 1221 472 1310 haberentid
487 1233 573 1319 quod
587 1237 702 1320 postes
716 1235 838 1302 fuctum
854 1240 916 1304 est,
960 1235 1073 1320 Neque
1093 1234 1245 1320 reluptes
1269 1253 1362 1317 neque

156 1334 247 1402 dolor
261 1335 296 1400 in
312 1335 517 1402 Servatorem
532 1336 630 1402 cadit.
670 1337 829 1426 Apostoli
843 1341 954 1406 antem
974 1335 1147 1406 Domimiee
1165 1336 1316 1406 doctrina
1334 1357 1363 1402 eo

156 1438 364 1526 perfectionis
384 1439 550 1526 progressi
570 1440 663 1516 sunt,
693 1443 732 1506 ut
750 1439 831 1506 nihil
855 1463 988 1528 prorsus
1007 1441 1213 1508 mutarentur
1238 1458 1363 1525 perpes-

157 1539 313 1617 siouibus,
329 1547 405 1628 post
419 1541 553 1606 Domini
568 1540 603 1604 id
624 1541 753 1626 quidem
773 1543 1052 1638 resurrectionem.
1092 1539 1173 1616 ¹Etsi
1192 1541 1282 1609 enim
1302 1537 1363 1606 sni·

156 1667 239 1721 mus,
261 1644 446 1721 aemulatio,
460 1643 626 1730 gaudium,
649 1643 676 1708 si
695 1633 913 1712 rationi'sunt
930 1645 1174 1725 convenientia,
1195 1643 1282 1712 bona
1302 1663 1364 1708 esse

155 1749 311 1835 possunt:
335 1749 462 1814 atvero
481 1747 515 1812 in
534 1745 678 1837 perlecto
698 1769 763 1826 uon
790 1751 867 1814 sunt
891 1749 957 1815 ullo
982 1749 1086 1818 modo.
1129 1746 1218 1815 Nibil
1243 1743 1365 1836 molesti

156 1851 267 1937 potest
278 1872 351 1914 eum
364 1848 522 1915 abducere
533 1872 553 1914 o
565 1849 616 1914 dei
629 1848 777 1916 caritate.
798 1849 982 1936 Nunquam,
996 1850 1147 1938 quoniam
1158 1849 1219 1919 deo
1231 1847 1364 1934 benigno

60 2029 66 2037 ¹
153 1953 264 2018 omnia
292 1955 379 2020 recte
408 1951 478 2016 fieri
504 1972 696 2038 persuasum
722 1949 836 2030 habet,
868 1953 983 2020 incidit
1006 1955 1041 2020 in
1066 1953 1209 2023 delorem
1233 1949 1364 2020 animive

155 2077 318 2142 angorem.
363 2054 403 2120 In
417 2052 538 2125 nullam
553 2054 604 2120 dei
620 2058 842 2120 creaturarum
856 2048 930 2122 (idio
944 2055 1220 2142 sequestrem
1243 2053 1318 2122 ideo
1331 2071 1363 2121 ne

37 2229 40 2240 ,
62 2157 69 2180 ¹
154 2157 307 2224 irascitur
321 2156 449 2242 quidem
465 2179 617 2242 unquam.
641 2156 720 2222 Deo'
729 2179 863 2244 prorsus
876 2157 1001 2237 similis,
1017 2158 1097 2228 nibil
1110 2161 1172 2234 est,
1189 2179 1247 2226 our
1261 2177 1362 2225 aemu-

154 2259 251 2328 letur.
295 2259 453 2326 Homines
468 2259 587 2345 diligit,
610 2259 667 2326 sed
688 2261 824 2351 propter
843 2263 1030 2342 creatorem.
1074 2259 1172 2328 Nulla
1191 2259 1364 2345 cupiditate

96 2403 97 2406 =
155 2365 313 2440 movetur,
329 2367 367 2428 ut
382 2363 437 2448 qui
452 2362 589 2428 caritate
603 2360 668 2426 ium
683 2365 832 2428 versetur
846 2385 919 2430 cum
935 2362 1053 2432 dilecto
1074 2361 1278 2434 familiariter
1294 2383 1364 2428 cou-

155 2463 302 2542 iuuctus,
318 2467 451 2552 propter
465 2463 621 2530 bonorum
637 2463 869 2532 abundantium
894 2464 1020 2532 beatus.
1064 2464 1115 2534 Ut
1138 2463 1190 2535 dni
1218 2463 1364 2533 similitu·

29 2614 32 2644 ,
156 2565 263 2632 dinem
277 2566 434 2654 perficiat,
449 2565 566 2632 nititur
582 2566 701 2643 solum;
723 2565 835 2654 Logos
851 2566 936 2634 enim
951 2567 1003 2634 dei
1022 2566 1209 2653 intelligens
1231 2569 1295 2643 est,
1315 2587 1365 2654 per

156 2689 251 2752 quem
266 2668 385 2734 mentis
399 2668 507 2754 imago
522 2669 556 2734 in
572 2667 641 2734 solo
655 2668 783 2736 bomine
796 2669 1125 2755 cernitur,=quatenus
1137 2669 1238 2739 etiam
1246 2669 1363 2742 deiter-¹

155 2770 217 2836 mis
232 2771 271 2836 fit
286 2773 320 2838 et
334 2771 393 2838 deo
415 2769 621 2858 similis,vir
646 2769 750 2838 bonus
777 2772 899 2851 enims,
926 2776 965 2838 ut
989 2771 1069 2838 deus
1095 2793 1209 2842 rursus
1232 2770 1364 2838 hominis

131 2919 136 2930 ,
154 2870 276 2950 formae
297 2873 342 2940 sit
362 2873 503 2964 similiss‘¹
530 2873 650 2940 Forma
670 2873 756 2940 enim
781 2874 1035 2959 uniuscuiusque
1058 2877 1114 2943 est
1136 2895 1248 2950 mens,
1269 2896 1290 2941 e
1310 2895 1365 2960 qus

155 2976 320 3064 proprium
336 2963 530 3062 suscipimus
547 2985 739 3065 χαρακτῆρα.
784 2976 850 3060 Qui
871 2977 974 3064 igitur
987 2977 1029 3044 iu
1036 2975 1194 3045 eiusmodi
1209 2975 1365 3045 bominem

154 3082 303 3166 peccant,
328 3078 455 3166 profani
477 3082 555 3144 sunt-
575 3083 610 3146 et
627 3079 730 3167 impii.
772 3077 839 3161 Qui
864 3075 973 3146 eutem
1001 3079 1085 3147 bona
1108 3081 1208 3166 atoue
1231 3077 1365 3148 bonests

155 3181 233 3268 eligi
265 3180 379 3248 dicunt
404 3181 677 3268 appetitione,
716 3180 750 3244 hi
780 3181 928 3250 caritatis
965 3181 1169 3254 divinitatem
1204 3181 1364 3268 ignorent.

154 3281 247 3350 Haec
266 3287 318 3350 est
338 3283 423 3350 enim
443 3283 598 3352 benevola
614 3282 816 3359 coniunctio,
845 3281 878 3347 in
906 3283 1067 3350 unitatem
1091 3282 1166 3353 fidei
1191 3285 1365 3352 restituens

91 3427 93 3433 ·
154 3385 354 3472 gnosticum,
381 3408 441 3454 nec
456 3385 526 3452 loci
552 3408 611 3452 nec
635 3385 791 3472 temporis
816 3385 1026 3471 indigentem.
1071 3386 1138 3468 Qui
1162 3390 1286 3464 autem,
1315 3405 1365 3474 spe

99 3545 105 3552 .
154 3491 380 3576 praeocupata,
401 3487 520 3554 iamin
540 3486 660 3554 futuris
682 3489 832 3554 versatur
852 3485 1006 3566 caritate,
1033 3488 1157 3576 quippe,
1175 3487 1231 3574 qui
1252 3473 1366 3558 hibent

154 3611 247 3660 omne
267 3588 493 3677 expetendum,
514 3589 595 3658 nihil
614 3589 680 3656 ism
699 3590 831 3676 expetit
874 3589 924 3658 Ne
944 3591 1126 3662 vehementi
1147 3591 1279 3677 quidem
1300 3594 1365 3660 stu-

154 3693 218 3772 dio,
238 3696 277 3760 ut
296 3691 438 3779 pulchris
459 3691 669 3769 assimiletur,
691 3691 828 3770 ardebit,
849 3714 948 3777 quum
968 3694 1106 3760 caritate
1123 3693 1365 3781 ipsamhsbest

55 3783 59 3788 ⁵
152 3794 434 3886 pulchritudinem.
493 3793 531 3858 Iu
562 3793 614 3860 dei
654 3792 766 3860 amicis
791 3798 995 3863 numeratur:
1015 3797 1103 3882 qnid
1129 3817 1207 3884 ergo
1234 3795 1364 3869 meseia

152 3920 235 3987 epus
250 3898 302 3965 rel
315 3896 515 3984 eupiditate?
538 3895 616 3964 Sine
630 3894 928 3984 perturbationibus
939 3898 1042 3984 igitur
1054 3899 1183 3971 omnino
1194 3900 1363 3984 genstiens

102 4063 104 4071 ,
152 4001 327 4089 perlectus,
343 3999 399 4086 qui
413 4021 528 4086 expers
544 4001 596 4066 est
609 3997 765 4076 laetitiae,
781 4001 820 4064 ut
835 4021 918 4085 quae
933 4002 1104 4074 coniuncta
1118 4003 1247 4078 sitense
1259 4001 1364 4088 volup·

153 4106 234 4182 rste,
250 4125 364 4190 expers
376 4099 742 4172 moestitiae-adiunctae
753 4099 864 4179 dolori,
875 4123 992 4190 expers
1004 4103 1175 4182 centoris,
1192 4127 1277 4190 quae
1292 4104 1364 4175 sub-

152 4203 261 4275 iicitur
285 4204 403 4281 metui,
434 4226 548 4292 expers
575 4203 861 4274 excandescentise
892 4205 1039 4290 quemvis
1071 4229 1137 4277 non
1163 4209 1230 4280 ism
1254 4209 1362 4282 mles.

152 4305 280 4386 Farris,
299 4294 484 4385 himilibus,
505 4306 640 4378 abiectis
660 4306 814 4377 delectari
832 4329 897 4378 non
917 4307 1056 4396 amplius
1075 4311 1197 4396 potest,
1218 4311 1276 4398 qui
1297 4326 1364 4382 con·

153 4409 375 4500 templationis
388 4409 637 4482 delectationem
650 4432 818 4500 nunquam
832 4409 1025 4500 explendem
1044 4415 1203 4504 pemmo
1218 4411 1362 4502 percipit·

209 4629 236 4704 ι)
252 4649 278 4700 p.
290 4632 437 4692 irs-us.
