2820 5052
646 335 828 438 „.„¹.⁸.²..-

124 529 282 608 Philinus,
303 528 435 616 Lysias,
455 529 630 604 Homerus,
655 523 761 606 Obila,
781 524 1007 615 Epicharmus,
1027 473 1260 614 Hippocrates,
1274 525 1343 590 Αι-

124 634 249 710 chinus,
261 629 511 719 Aristophanes,
526 629 735 698 Parmenides
751 627 894 708 Eleates,
909 627 1089 706 Philemon,
1100 624 1289 693 Phanooles.
1302 665 1344 677 ·-

125 738 192 805 Sed
198 737 276 802 haec
283 735 484 821 singularum
492 733 736 811 sententiarum,
749 755 829 818 qua
837 725 1078 796 aliialiisfurati
1089 732 1178 813 sunt,
1194 729 1345 818 exempla

125 839 317 906 sufficiant‘
342 835 408 902 Sed
423 835 511 902 furta
525 835 683 902 eiusmodi
703 835 745 900 ad
760 835 906 920 integros
926 833 1026 900 etiam
1045 832 1145 900 libros
1166 820 1344 921 pertinent.

124 942 297 1028 Engamon
308 939 392 1004 enim
405 935 594 1024 Cyrenaeus
609 959 649 1002 ex
663 937 801 1007 Musaeo
814 937 934 1002 librum
944 937 1108 1022 integrum
1123 935 1164 1000 de
1177 931 1345 1024 Thespro-

124 1044 170 1110 sis
196 1043 259 1108 sibi
279 1040 471 1126 vindicavi&
505 1039 665 1106 Pisander
687 1037 856 1105 Camireus
878 1037 982 1103 Pisini
1002 1036 1113 1103 Lindii
1134 1035 1346 1115 Heracleam

125 1143 286 1230 Panyasis
307 1141 578 1210 Halicarnasseus
601 1139 760 1230 Cleopbili
789 1139 891 1207 Samii
915 1139 1089 1206 Oechaliae
1109 1138 1346 1228 captivitatem.

126 1247 290 1313 Homerus
306 1265 433 1334 quoque
448 1243 576 1310 fabulas
592 1245 632 1310 de
643 1243 772 1310 Baccho
787 1243 822 1310 et
835 1244 875 1308 de
888 1241 1031 1310 Saturno
1047 1247 1159 1328 (quam
1170 1242 1213 1308 ad
1225 1239 1347 1328 Cyclo·

126 1372 200 1439 pem
215 1346 386 1428 transfert)
401 1347 443 1412 ad
456 1346 590 1413 verbum
606 1370 646 1414 ex
662 1345 794 1434 Orpheo
813 1347 1056 1442 transscripsit3
1080 1345 1229 1411 similiter
1249 1343 1348 1410 Hesi·

126 1453 208 1519 udus
228 1452 269 1516 de
292 1449 498 1536 Melampode
513 1471 553 1514 ex
570 1449 723 1526 Musaeo,
744 1449 862 1534 aliique
883 1449 986 1514 multa
1006 1469 1047 1513 ex
1071 1446 1188 1530 aliis1).
1233 1447 1347 1532 Atque

125 1555 204 1621 haec
220 1554 349 1643 quidem
367 1553 415 1618 ita
436 1575 470 1617 se
485 1551 628 1617 habeant
634 1576 643 1628 3
667 1551 736 1617 vita
749 1536 834 1617 enim
848 1573 900 1618 me
921 1551 1081 1630 deficeret,
1106 1550 1134 1616 si
1155 1549 1347 1636 singulatim

56 1687 69 1702 ·
128 1656 278 1746 persequi
297 1655 412 1720 vellem
429 1653 627 1720 Graecorum
642 1654 746 1731 furta,
776 1675 796 1718 a
815 1653 915 1720 nimio
936 1675 974 1720 ea
997 1653 1046 1720 sui
1062 1669 1173 1720 'amore
1188 1651 1346 1740 profecta,

128 1759 183 1845 qui
198 1758 297 1822 etiam
313 1755 611 1844 pulcherrimorum,
635 1778 717 1846 quae
739 1759 817 1822 sunt
830 1757 917 1846 apud
931 1756 1037 1845 ipsos,
1063 1755 1265 1822 decretorum
1286 1753 1346 1822 sibi

126 1861 294 1928 vindicant
308 1859 537 1936 inventionem,
554 1881 650 1945 quam
665 1863 860 1947 aeceperunt
875 1883 894 1924 a
908 1859 1046 1942 nobis2).

190 1961 258 2029 Nec
272 1983 348 2028 vero
365 1963 545 2060 surripiunt
560 1962 664 2030 solum
675 1964 788 2028 nostra
799 1963 954 2048 dogmata
970 1961 1026 2026 sed
1037 1961 1208 2026 imitantur
1219 1981 1346 2045 quoque

127 2065 331 2130 admirabilia
354 2069 483 2143 nostra,
514 2087 597 2150 quac
625 2068 782 2150 tanquam
809 2064 953 2132 Graecas
979 2062 1106 2128 fabulas
1125 2062 1346 2150 prodigiorum

127 2168 234 2232 instar
247 2171 390 2232 narrant.
435 2167 552 2252 Itaque
571 2167 759 2253 rogabimus
780 2189 853 2246 eos,
874 2187 991 2232 verane
1008 2178 1064 2242 ea,
1086 2167 1174 2251 quae
1190 2163 1344 2243 scribunt,

123 2291 202 2336 ¹esse
222 2269 348 2346 dicant,
370 2293 411 2334 an
430 2269 522 2334 falsa.
568 2269 655 2336 Vera
675 2273 763 2336 certe
783 2269 902 2334 dicent.
947 2269 1074 2351 Quodsi
1085 2289 1171 2345 vena,
1188 2269 1346 2353 quomodo

128 2371 328 2440 incredibilia
339 2372 385 2437 cis
400 2373 562 2450 videntur,
578 2395 659 2458 quae
674 2395 732 2460 per
744 2371 892 2458 Moysem
908 2371 1052 2458 aliosque
1063 2369 1246 2458 Prophetas
1261 2369 1346 2437 facto

130 2477 209 2541 sunt
222 2474 395 2539 miracula?
439 2473 596 2540 Omnium
612 2474 696 2540 enim
713 2473 876 2548 hominum
892 2495 1002 2538 curam
1017 2491 1132 2561 gerens
1148 2473 1229 2538 deus
1244 2473 1345 2540 omni-

129 2579 257 2666 potens,
273 2576 496 2666 alios'quidem
511 2577 706 2664 praeceptis,
722 2577 802 2642 alios
817 2599 893 2644 vero
908 2577 1015 2655 minis,
1030 2575 1201 2642 nonnullos
1218 2577 1344 2662 quidem

130 2679 234 2766 signis
250 2678 462 2756 mirabilibus,
477 2679 603 2766 aliquos
619 2679 767 2766 benignis
783 2683 916 2746 convert
901 2680 945 2744 tit
959 2679 1000 2744 ad
1016 2679 1154 2744 salutem
1169 2677 1345 2766 promissis.

132 2781 197 2848 Sed
212 2781 355 2846 narratio
370 2781 409 2845 de
425 2781 525 2846 Aeaci
540 2779 689 2870 precibus
705 2782 848 2948 quibus¹³
838 2781 957 2848 imbres
972 2781 1179 2848 vehementes
1192 2779 1345 2848 Graeciae

131 2883 332 2948 fertilitatem
347 2873 556 2962 reddiderint,
572 2885 613 2949 ad
624 2885 704 2950 illud
721 2886 848 2973 spectat
855 2884 940 2950 :Et
960 2883 1167 2949 invocavit
1190 2881 1345 2948 Samuel

131 2986 399 3064 nornine-‚me
406 2987 554 3054 tdedit
580 2987 774 3054 Dominus
800 3010 916 3054 voces
946 2989 986 3052 et
1014 2985 1228 3074 pluviam
1219 3007 1259 3053 ιιι
1289 2985 1345 3050 dia

123 3089 309 3181 messis.
330 3089 431 3154 Vides
453 3105 552 3154 unum
575 3111 647 3154 csse
674 3090 786 3167 deum,
817 3089 872 3179 qui
899 3109 958 3176 per
980 3089 1143 3156 subiectas
1164 3091 1343 3175 potestates

131 3189 237 3278 pluit
259 3211 377 3277 saper
395 3191 527 3258 iustos
553 3195 624 3256 et
616 3193 720 3258 unius
728 3195 802 3258 tos
851 3190 1041 3258 sexcenties
1058 3193 1167 3256 autem
1189 3191 1345 3279 scriptura

133 3315 191 3398 nqs
194 3297 255 3368 tra,
276 3290 385 3357 Deum
401 3293 626 3360 exaudientem
641 3295 800 3360 iustorum
816 3316 927 3382 preces
943 3315 1205 3379 unamquamque
1217 3293 1344 3382 implere

120 3373 333 3483 petitionem,
349 3397 502 3461 testat.ur
547 3397 704 3462 Similiter
718 3397 801 3462 mult
802 3420 821 3461 a
786 3395 1012 3462 taGraecis
1027 3395 1203 3461 traduntur
1217 3397 1258 3462 de
1272 3419 1343 3464 ven·
1370 3389 1377 3397 ’

134 3498 180 3564 ais
196 3497 247 3564 vel
263 3496 384 3562 sedatis
400 3497 451 3562 vel
466 3498 607 3564 evocatis
628 3521 686 3584 per
699 3499 843 3566 homines
859 3499 973 3566 iustos
1017 3499 1130 3586 Atque
1148 3497 1255 3564 iustos
1278 3497 1343 3584 qui·

133 3601 207 3666 dem
223 3603 257 3666 et
271 3599 504 3666 curationeet
470 3605 504 3666 et
518 3600 612 3686 signa
626 3605 660 3664 et
674 3601 828 3669 miracula
845 3599 970 3666 efficere
985 3621 1025 3666 ex
1044 3605 1121 3666 nost
1122 3601 1166 3667 ris
1188 3603 1343 3668 credidere

137 3703 221 3790 scrip
223 3702 317 3766 turis.
362 3699 425 3766 Est
440 3699 524 3766 enim
539 3701 618 3768 deus
634 3706 745 3768 noster
764 3701 959 3768 Dominus
979 3703 1191 3783 virtutum,
1213 3704 1341 3770 Domi-

134 3827 206 3870 nus
222 3803 493 3906 Dominarum,
524 3804 618 3874 deus
643 3805 818 3882 deorum,
847 3805 943 3870 deus
965 3827 1130 3891 magnus
1152 3809 1205 3876 et,
1215 3807 1339 3873 fortis

27 3913 38 3940 ¹
134 3891 236 3972 Porro
249 3897 357 3970 autem
375 3905 763 3994 sunt,qu1'pestilentias‚
788 3905 978 3994 grandines,
1006 3907 1178 3996 procellae,
1206 3927 1341 4001 quaeque

136 4012 215 4076 sunt
228 4007 282 4072 his
295 4008 421 4085 similia,
443 4029 507 4073 non
521 4031 561 4074 ex
577 4009 646 4074 sola
665 4009 908 4096 perturbatione
928 4009 1102 4088 materiali,
1126 4011 1293 4085 sedet'tiem
1306 4031 1341 4074 es

131 4113 326 4176 daemonum
347 4111 606 4197 perturbantium
627 4133 739 4199 opere,
769 4112 820 4178 vel
840 4111 1027 4198 angelorum
1047 4135 1111 4180 non
1129 4113 1307 4182 bonorum
1298 4133 1340 4177 rra

135 4212 205 4279 fieri
227 4211 329 4280 aalma
349 4213 469 4279 dicant.
445 4213 615 4280 tHanc
639 4215 720 4280 iram
743 4215 887 4302 amagis
907 4215 1024 4303 depelli
1044 4217 1138 4284 aiunt
1122 4219 1292 4286 tcantiuis
1311 4215 1340 4280 et

190 4406 215 4517 ¹)
232 4449 310 4502 Addu
311 4458 370 4504 ntur
379 4453 505 4506 nonnulla
514 4455 636 4521 exempla,
653 4469 686 4519 qu
688 4470 718 4506 ae
730 4459 882 4508 tamencum
894 4458 981 4511 ceteris
998 4458 1089 4526 singul
1081 4477 1102 4514 ιι
1114 4467 1204 4519 merito
1215 4467 1255 4519 hic
1266 4471 1338 4517 acero

136 4537 305 4591 mmmmm.

192 4621 218 4688 ²)
236 4635 259 4685 p
273 4622 356 4677 73⁸1-
359 4621 418 4677 752.
