2820 5052
612 357 675 424 193

11 523 12 540 ’
67 547 121 614 hori
132 545 276 613 Psalterii
288 544 465 622 harmonia,
479 543 706 635 antiquissima
721 563 759 608 ea
773 541 808 608 et
821 539 988 607 modorum
1002 559 1080 629 prae
1096 562 1131 608 se
1144 539 1251 610 terena

66 648 245 736 gravitatem,
271 649 409 715 maxime
429 644 611 734 exemplum
636 645 825 733 Terpandro
852 641 1003 732 praebuit
1028 641 1070 708 ad
1094 641 1250 711 Doricam

65 749 247 818 harmoniam.
276 751 342 818 Sed
356 749 480 817 cithara
494 771 514 814 a
528 747 777 836 psalmographo
792 745 964 834 allegorice
979 743 1081 832 accipi
1095 745 1250 834 potuerit,

66 857 90 918 et
99 853 232 940 inprimis
248 852 388 938 quidem,
403 853 442 916 ut
456 847 634 916 Dominum
650 849 812 935 significet
818 873 827 926 ;
843 849 959 916 deinde
979 849 1088 914 autem
1108 869 1174 927 eos,
1188 843 1252 935 'qui

66 953 215 1020 hominum
231 937 334 1022 secuti
349 953 479 1021 assidue
494 951 626 1040 pulsant
641 951 776 1018 animas.
820 951 906 1016 Tum
920 972 995 1018 vero
1015 947 1155 1039 populus
1170 973 1251 1036 quo-

70 1077 118 1141 qne,
133 1055 185 1143 qui
203 1057 242 1122 lit
263 1057 388 1136 salvus,
411 1054 536 1123 cithara
555 1055 682 1122 dicatur
702 1077 760 1143 per
780 1053 915 1120 Domini
933 1052 1194 1140 inspirationem
1217 1055 1252 1120 et

67 1157 103 1243 qai
115 1181 169 1248 pro
183 1158 234 1226 dei
249 1157 432 1246 cognitione
448 1157 543 1224 deum
557 1155 661 1244 gloria
675 1157 827 1236 celebhat,
838 1155 936 1222 verbo
947 1155 1081 1243 pulsans
1092 1155 1133 1222 ad
1144 1155 1252 1236 fidem,

11 1303 12 1310 κ
64 1259 221 1326 exauditur.
276 1259 342 1327 Sed
368 1259 463 1326 aliter
487 1281 613 1348 quoque
639 1259 801 1348 acceperis
827 1259 987 1324 musicam
1008 1279 1068 1346 pro
1094 1257 1253 1324 concentu

63 1359 257 1430 ecclesiastico
271 1361 384 1448 Legis,
400 1360 635 1450 Prophetarum
650 1361 948 1450 Apostolorumque
968 1381 1041 1426 cum
1056 1357 1251 1448 Evangeli03

61 1459 109 1527 imo
131 1485 187 1551 pro
213 1469 372 1532 concentu
396 1463 431 1530 in
455 1479 651 1552 unoquoque
673 1463 847 1552 Propheta.
898 1461 974 1529 Scio
998 1459 1128 1547 quidem
1153 1461 1253 1528 etiam

60 1559 284 1634 musicamcum
298 1565 431 1656 reliquis
446 1565 625 1654 disciplinis
641 1554 775 1633 Graecis
791 1589 811 1631 a
824 1561 989 1632 nonnullis
1007 1561 1137 1630 minime
1151 1563 1254 1630 amari

60 1663 241 1749 linientibus,
255 1691 297 1735 ne
311 1690 406 1734 aures
423 1667 522 1735 semel
542 1667 637 1741 datas
657 1692 722 1735 non
741 1669 877 1757 possent
896 1667 1071 1743 revertere;
1095 1665 1152 1732 sed
1172 1688 1253 1756 qua·
1368 1675 1372 1680 '

60 1770 136 1836 term
149 1771 350 1861 decerpimus
362 1769 407 1848 id,
421 1771 506 1860 quod
519 1770 561 1837 ad
571 1793 667 1838 usum
675 1767 986 1838 catechumenorum
993 1766 1139 1856 inprimis
1148 1767 1254 1836 Grae·

60 1889 149 1940 corum
174 1873 338 1953 conducit,
365 1895 431 1938 non
456 1876 518 1952 est,
545 1873 713 1940 brutorum
733 1871 946 1938 animantium
965 1869 1086 1950 instar,¹
1103 1895 1124 1938 a
1144 1873 1254 1940 studio

59 1971 203 2044 doctrinae
219 1973 458 2042 abstinendum.
480 1973 548 2044 Nec
563 1997 638 2042 vero
652 1975 687 2040 in
700 1973 751 2040 his
766 1971 945 2062 disciplinis
961 1971 1017 2038 diu
1025 1971 1253 2053 insistendum,

60 2074 104 2140 sed
120 2101 193 2160 mox
213 2079 344 2144 domum
364 2077 603 2165 properandum
628 2077 669 2143 ad
686 2099 795 2142 veram
815 2073 1066 2165 philosophiam,
1094 2099 1176 2167 quae
1202 2080 1256 2146 est

58 2173 165 2246 firmum
179 2179 307 2246 animae
318 2178 490 2266 refugium,
504 2179 545 2246 ab
557 2178 704 2246 omnibus
716 2177 874 2266 praebens
888 2176 1103 2246 securitatem.
1126 2175 1256 2245 Musica

59 2283 150 2347 autem
164 2282 359 2370 attingenda
373 2285 426 2350 est
440 2282 481 2348 ad
496 2305 601 2350 mores
616 2281 776 2348 ornandos
792 2284 828 2347 et
841 2279 1089 2367 componendos,
1104 2299 1164 2346 nec
1179 2301 1255 2348 vero

58 2379 89 2444 ad
97 2381 287 2471 frangendos
294 2385 416 2454 animos
424 2387 458 2450 et
470 2383 711 2464 effeminandos,
727 2385 766 2446 ut
777 2385 829 2448 est
841 2381 998 2472 quaedam
1010 2380 1255 2476 musica'auperf

58 2501 188 2552 vacanea.
219 2486 446 2553 *Astronomia
471 2509 568 2578 porro
593 2489 628 2552 et
649 2483 805 2550 addeum
825 2483 916 2550 ducit
936 2482 1082 2572 opificem
1102 2486 1137 2562 et
1156 2483 1257 2566 habet

58 2603 119 2652 snas
133 2591 219 2655 vitae
239 2587 414 2666 utilitates,
435 2609 516 2676 quas
540 2587 630 2676 capit
643 2609 684 2653 ex
705 2608 744 2652 ea
767 2586 915 2674 inprimis
941 2609 995 2652 ers
1020 2585 1196 2674 navigandi
1221 2591 1257 2654 et

56 2688 259 2771 agricultura,
293 2689 379 2758 siout
404 2689 620 2758 architectura
646 2691 681 2754 et
705 2711 759 2753 ars
785 2688 975 2755 aedificandi
1001 2711 1041 2755 ex
1066 2689 1255 2776 geometria.

56 2784 247 2879 Quamquam
266 2791 362 2858 huius
390 2815 429 2858 ea
454 2795 507 2858 est
527 2813 653 2856 summa
673 2790 817 2868 utilitas,
839 2793 924 2877 qnod
944 2795 1085 2858 mentem
1105 2793 1194 2858 acuit
1213 2793 1256 2858 ad

55 2893 209 2961 veritatem
225 2893 481 2982 percipiendam
504 2893 580 2958 dum
595 2892 681 2958 enim
696 2891 791 2956 docet
803 2891 1040 2978 longitudinem
1057 2892 1125 2960 sine
1140 2894 1255 2961 latitu-

55 2989 125 3072 dine,
140 2995 344 3086 superficiem
359 2995 530 3062 altitudine
545 2997 718 3071 carentem,
734 2999 891 3082 punctum
907 2995 975 3061 sine
984 2995 1150 3084 partibus,
1166 2995 1271 3062 ducit

55 3095 209 3178 paullatim
225 3097 267 3164 ad
287 3121 337 3177 ea,
358 3118 440 3185 quae
461 3099 569 3164 mente
588 3099 719 3163 tantum
738 3095 971 3185 percipiuntur.
1014 3095 1257 3185 Philosophiam

55 3215 119 3284 ergo
133 3199 291 3268 adiuvant
304 3200 504 3290 disciplinae,
524 3199 598 3288 ipsa
617 3200 727 3265 autem
747 3197 950 3286 philosophia
971 3198 1013 3263 ad
1033 3199 1257 3267 disserendum

54 3295 87 3363 de
98 3301 245 3369 veritate.
275 3297 419 3391 Oportet
433 3303 518 3388 enim
532 3301 671 3367 animam
686 3299 776 3388 prius
792 3323 864 3367 esse
879 3305 1105 3390 praeparatam
1120 3306 1156 3369 et
1169 3302 1258 3370 varie

55 3397 240 3472 elaboratam
256 3411 430 3493 antequam
452 3405 576 3493 optima
597 3402 732 3469 evadere
747 3404 878 3491 poterit.
921 3401 1006 3470 Nam
1024 3403 1173 3470 veritadis
1194 3403 1259 3471 alia

54 3504 168 3586 quidem
185 3511 340 3597 estpars,
357 3530 439 3595 quae
454 3509 603 3574 versatur
621 3506 656 3571 in
671 3505 866 3591 cognitione,
886 3505 950 3572 alia
968 3527 1044 3572 vero
1063 3505 1098 3571 in
1120 3505 1258 3587 actione,

55 3625 125 3689 quae
146 3609 277 3697 quidem
297 3609 454 3698 profluxit
468 3629 485 3675 e
500 3601 795 3696 contemplatione'
826 3607 949 3694 Magna
970 3611 1079 3674 autern
1100 3609 1259 3677 exercita·

54 3707 132 3778 tione
147 3709 273 3800 eget'et
290 3710 500 3800 experientia.
545 3707 734 3792 Quinetiam
755 3708 1035 3797 contemplationis
1051 3709 1115 3776 alia
1129 3711 1259 3797 quidem
1310 3715 1314 3718 ’

54 3829 130 3894 pars,
145 3835 228 3901 quaa
242 3813 285 3878 ad
304 3813 469 3901 proximos
491 3815 620 3900 spectat
639 3811 703 3878 alia
724 3833 800 3878 vero
826 3811 868 3877 ad
891 3811 999 3900 ipsum
1025 3811 1258 3902 possidentem.

54 3907 99 3978 lta
111 3905 273 4002 igitur'sit
286 3916 435 3994 eruditio,
451 3917 491 3981 ut
504 3913 651 4000 utrisque
666 3913 845 3980 conveniat.
890 3913 987 3996 Quod
1001 3915 1042 3980 ad
1056 3915 1164 4003 ipsum
1179 3915 1259 3982 atti·
1369 3926 1371 3934 ’

54 4016 112 4093 net,
127 4017 182 4105 qui
197 4016 392 4084 sufficientia
406 4015 530 4094 didicit,
547 4037 620 4082 eum
635 4037 764 4082 manere
778 4017 999 4102 tranquillum,
1021 4015 1164 4083 actiones
1180 4017 1259 4084 diri-

54 4118 150 4199 gendo
163 4115 537 4208 rad-'contemplationem
552 4120 638 4187 licet.
659 4119 770 4200 Quum
781 4104 890 4183 autem
901 4118 1259 4208 propterproximorum

54 4217 221 4289 utilitatem
246 4221 302 4288 alii
325 4223 456 4310 quidem
482 4222 524 4288 ad
550 4219 754 4288 scribendum
775 4241 810 4286 se
831 4219 1014 4297 conterant,
1041 4219 1096 4286 alii
1121 4243 1198 4288 vero
1218 4221 1260 4288 ad

55 4320 179 4390 verbum
193 4324 402 4391 tradendum:
424 4324 476 4390 hia
492 4345 591 4410 quum
605 4323 669 4389 alia
683 4322 831 4388 doctrina
845 4321 936 4388 utilia
948 4325 1010 4401 est,
1026 4325 1096 4389 tum
1109 4321 1260 4410 Scriptu-

55 4425 298 4496 rammnomini
312 4426 409 4495 lectio
421 4429 474 4494 est
484 4423 839 4503 necessariaadeorum‚
856 4425 938 4511 quaa
950 4424 1113 4504 dicuntur,
1125 4424 1260 4492 demon-

55 4523 247 4610 strationem,
260 4527 399 4598 maxir'ne
414 4529 443 4598 si
457 4525 576 4598 Graeei
588 4526 735 4594 audiant.
758 4525 830 4594 Iam
839 4548 916 4595 vero
927 4525 1169 4616 disciplinarum
1182 4527 1257 4596 iona
1280 4529 1294 4550 '¹

57 4634 160 4702 namo
172 4654 193 4703 a
206 4631 377 4724 sapientia.
421 4630 489 4719 Qui
503 4632 613 4702 autem
621 4627 750 4700 nullam
765 4627 925 4703 Graecam
939 4627 1143 4792 disciplainam
1157 4651 1262 4721 neque
