2830 5052
617 299 713 413 res*

61 533 229 612 utebantur,
244 533 298 600 vel
308 531 542 613 meretricibus,
558 533 609 604 vel
618 533 748 622 plurimi
760 531 1019 604 adolescentulis.
1049 533 1116 618 Qui
1127 535 1260 608 luerunt

60 637 149 704 brutis
169 637 363 704 animalibus
384 635 490 703 minus
512 637 731 714 continentes,
753 625 889 724 quorum
908 641 986 705 sont
1004 659 1138 725 genera,
1167 641 1258 710 velut

59 733 260 806 columbarum
275 743 310 808 et
323 742 505 824 turturum,
526 763 608 828 quae
622 762 726 830 neque
745 763 819 830 cum
838 741 950 807 multis
965 764 1024 808 nec
1043 743 1163 808 temere
1183 742 1255 808 iun.

59 845 171 932 guntur,
188 844 247 910 sed
263 865 336 910 cum
351 865 416 909 uno
431 843 574 910 eiusdem
586 843 725 930 generis.
771 841 838 919 Sed
853 845 932 909 sunt
946 844 1001 930 qui
1016 844 1256 918 matrimonium

60 947 94 1011 ita
103 947 256 1034 probant,
278 949 319 1012 ut
339 945 495 1012 abstineri
514 946 555 1012 ab
576 969 614 1012 eo
634 945 764 1012 omnino
783 947 907 1010 vetante
952 941 1097 1012 Uxorem
1116 948 1201 1013 enim
1221 949 1257 1016 et

62 1048 160 1136 patriae
174 1071 289 1126 causa,
305 1051 339 1115 et
353 1051 488 1137 propter
508 1049 680 1123 liberorum
697 1047 944 1126 successionem,
973 1051 1009 1114 et
1027 1049 1070 1114 ad
1088 1049 1254 1130 mundum,

60 1153 209 1236 quantum
216 1151 293 1218 sit
284 1175 318 1218 ra
332 1151 441 1231 nobis,
469 1153 714 1240 perficiendum,
744 1149 923 1217 ducendam
942 1172 1031 1230 esse,
1054 1175 1137 1240 quae
1156 1153 1255 1222 etiam

56 1258 166 1342 propter
180 1255 335 1322 eximiam
350 1277 460 1321 curam
475 1255 810 1371 perseverantiamque
826 1253 871 1318 sit
883 1255 1099 1320 necessaria·
1119 1253 1166 1320 Et
1179 1279 1255 1345 pro-

57 1355 122 1422 lecto
134 1379 383 1436 necessariam
387 1357 516 1434 ‚aeliut'
485 1368 611 1422 rrcem“
636 1359 710 1446 ipsa
728 1347 800 1422 e‘am
819 1355 919 1422 habet
939 1355 1110 1444 scriptura.
1153 1355 1254 1424 Prae·

56 1458 125 1524 terea
137 1458 231 1526 liberi
248 1483 344 1527 senec
345 1463 450 1526 tutem
465 1459 628 1526 adiuvant.
671 1458 892 1546 Legislatores
912 1461 1021 1524 autem
1040 1481 1081 1525 ne
1102 1460 1148 1526 eis
1165 1483 1253 1526 sum·

55 1581 109 1624 mos
122 1563 339 1648 magistratus
352 1583 463 1648 gerere
477 1563 604 1639 liceret,
635 1563 690 1652 qui
704 1585 821 1629 uxores
836 1584 902 1628 non
916 1561 1101 1640 duxissent,
1126 1562 1254 1648 legibus

57 1668 222 1732 sanxerunt.
250 1707 253 1711 -
268 1665 316 1731 Et
329 1665 408 1730 haec
423 1665 551 1754 quidem
566 1665 683 1743 omnia,
698 1687 740 1730 ne
753 1665 946 1753 respublica,
960 1687 1002 1732 ne
1016 1686 1120 1752 genus
1140 1665 1254 1732 huma-

55 1770 251 1854 rumperent.
295 1767 346 1833 At
364 1789 440 1852 vero
455 1767 566 1854 Logos
587 1767 660 1836 vult
674 1767 772 1832 etiam
792 1771 832 1833 ut
845 1767 1101 1847 matrimonium,
1123 1771 1253 1836 sanctos

57 1867 146 1934 reddat
160 1874 196 1937 et
210 1872 386 1938 ducentem
400 1873 436 1936 et
449 1870 634 1937 nubentem.
677 1869 717 1937 Ιιι
736 1870 941 1936 matrimonio
959 1871 1176 1959 temperantia
1194 1870 1253 1938 flo·
1368 1871 1374 1884 ’

60 1973 150 2038 restet
164 1974 374 2041 verecundia.
418 1973 515 2040 Vinci
531 1973 616 2040 enim
631 1973 720 2039 vitiis
736 1975 834 2060 atque
847 1971 1157 2057 perturbationibus,
1176 1975 1256 2040 utut

61 2068 91 2148 fit,
108 2075 237 2156 ubiubi,
260 2099 325 2164 qua
344 2074 544 2144 conditione:
567 2078 713 2142 extrema
734 2079 787 2142 est
801 2077 958 2162 servitum
982 2076 1094 2142 eadem
1114 2075 1252 2155 vincere,

57 2172 104 2240 sola
124 2176 271 2248 libertas.
317 2177 574 2247 custodiendum
605 2191 687 2265 ergo'
714 2179 954 2246 matrimonium
982 2201 1101 2268 purum
1126 2179 1167 2244 ab
1192 2179 1269 2258 eis,-

56 2281 292 2368 qucepolluunt,
315 2286 471 2369 tanquam
492 2281 698 2348 simulacrum
720 2281 880 2367 quoddam
903 2303 1044 2359 sacrum3
1072 2282 1252 2370 experrecti

53 2383 184 2450 esomuis
207 2409 284 2452 cum
306 2385 464 2463 Domino,
494 2406 605 2450 eamus
631 2383 750 2450 dormit
736 2389 805 2450 tum
826 2407 898 2451 cum
918 2383 1097 2472 gratiarum
1124 2385 1252 2454 actione

52 2488 126 2550 orant
127 2508 171 2565 es,
194 2490 271 2555 tota
285 2490 399 2554 nostra
413 2489 482 2554 vita
496 2487 673 2554 Dominum
692 2490 872 2566 testantes,
893 2487 1050 2576 pietatem
1065 2489 1192 2588 quidem
1214 2511 1252 2556 ac

50 2581 217 2670 religionem
234 2591 342 2656 anima
356 2593 571 2680 possidentes,
586 2592 834 2680 temperantiam
854 2595 963 2659 autem
978 2591 1076 2659 ctiam
1091 2615 1194 2680 usquc
1210 2593 1252 2660 ad

17 2737 18 2744 ,
51 2701 145 2774 corpus
160 2693 325 2760 deducent
310 2697 371 2760 t.es
401 2693 505 2783 Propi
506 2716 541 2760 er
551 2715 597 2759 rer
587 2694 817 2762 sanctitatem
829 2695 927 2761 etiam
938 2696 1249 2784 temperantiamque

50 2784 201 2881 Scriptura
229 2796 470 2864 matrimonium
502 2799 692 2884 perpetuum
719 2819 791 2864 esse
820 2797 912 2864 iubet
930 2819 1035 2886 neque
1063 2799 1250 2866 ullomodo

49 2887 292 2986 disiungendum.
323 2900 372 2978 Et
385 2897 456 2963 Lex
471 2895 599 2987 quidem
617 2899 783 2964 mulierem
797 2899 948 2966 adulterii
963 2901 1143 2966 convictam
1158 2901 1250 2968 iubet
1309 2919 1313 2927 '

49 2989 190 3069 demedio
208 2999 296 3080 tolli3
321 3003 371 3068 sin
387 3000 486 3095 fuerit
505 3022 524 3066 e
543 3001 666 3066 familia
680 3002 869 3079 sacerdotis,
885 3003 953 3090 igni
964 3003 1059 3068 tradi.
1088 3001 1250 3069 Obruitur

49 3099 139 3170 autem
161 3103 292 3172 adulter
312 3125 439 3190 quoque
453 3102 631 3194 lapidibus3
658 3125 718 3170 nec
728 3125 804 3171 vero
819 3105 930 3170 eodem
944 3105 1024 3183 loco,
1040 3127 1081 3172 ne
1094 3104 1146 3171 vel
1160 3127 1247 3171 mors

49 3196 83 3263 sit
99 3205 143 3270 eis
161 3207 359 3275 communiet
389 3205 600 3292 Nequaquam
615 3207 718 3294 igitur
731 3207 804 3274 Ilex
819 3211 946 3298 pugnat
964 3229 1038 3275 cum
1052 3206 1247 3295 Evangelio3

47 3301 201 3396 utrumque
223 3311 308 3376 enim
328 3307 505 3376 aDomino
525 3309 713 3399 proiectum.
758 3309 824 3377 Sed
845 3312 900 3397 qui
920 3312 1120 3401 poenitentia
1138 3316 1250 3378 rever-¹

47 3400 154 3490 turtur,
169 3413 371 3502 recipiuntur
383 3412 418 3477 in
432 3435 548 3479 novam
564 3413 675 3480 vitam.
705 3413 757 3478 llli
772 3417 881 3480 autem
892 3413 1053 3503 lapidibus
1066 3401 1262 3483 obruuntur*

47 3512 161 3595 propter
176 3517 282 3580 cordis
298 3513 465 3593 duritiam,
483 3519 521 3582 ut
535 3515 591 3602 qui
605 3515 690 3604 Legi
706 3517 773 3582 sint
786 3515 916 3583 mortui.
947 3515 1134 3584 Sacerdotis
1148 3541 1245 3608 porro

47 3613 121 3677 ucri
142 3620 281 3710 augetur
301 3615 511 3706 supplicium,
540 3617 618 3704 quia
641 3619 716 3699 „cui
734 3619 809 3709 plus
830 3619 1025 3700 datumst,
1050 3621 1124 3710 plus
1144 3621 1192 3688 ab.
1206 3642 1244 3688 eo

47 3712 212 3801 erigetur.“
434 3739 437 3747 ’

97 3819 118 3886 J
120 3843 170 3891 am
183 3843 260 3892 vero
272 3821 412 3902 secundo
425 3821 626 3888 Stromatum
640 3823 722 3892 libro
738 3845 874 3912 quoque,
891 3825 988 3892 aucta
1002 3823 1145 3912 capitum
1160 3825 1243 3892 mul-

47 3913 181 4008 titudine,
199 3925 275 3991 finis
289 3923 517 4013 imponatur1).

366 4145 425 4212 De
446 4145 540 4212 libri
561 4045 902 4236 Ill.8ergumsnto.

98 4259 134 4330 In
156 4265 458 4335 Valentinianorum
485 4267 663 4334 doctrinam
688 4269 809 4370 optime
833 4267 973 4360 quadrat
992 4265 1288 4366 matrimonium

48 4354 180 4437 Basilidis
202 4373 311 4436 autem
337 4371 534 4438 sectatorum
554 4363 715 4450 nonnulli,
739 4395 794 4460 qur
784 4371 968 4460 peccandi
989 4365 1097 4438 licent'
1073 4375 1152 4438 tram
1172 4397 1242 4440 om-

49 4461 110 4534 nino
129 4496 196 4542 sese
216 4471 333 4539 habere
353 4474 528 4563 opinantur
547 4477 644 4565 propt
645 4497 680 4540 er
701 4475 929 4565 perfectionem
948 4476 983 4543 et
1002 4476 1139 4544 naturae
1159 4475 1242 4545 elec·
1397 4559 1398 4562 Ἴ

49 4574 228 4604 N*¹·-—--=---

92 4631 114 4701 ¹)
127 4641 306 4704 etot-tot.
335 4637 345 4650 “
