2830 5052
743 326 822 392 ,144
870 343 877 354 ·

684 417 886 430 w

181 519 327 589 veritati:
339 515 443 583 trahit
452 514 486 579 in
498 513 642 579 exitium.
655 515 767 600 Atque
776 515 886 582 eadem
899 511 1028 602 quidem
1033 511 1222 580 ratioestde
1232 513 1361 578 contnen

113 649 125 668 ι
181 625 229 690 tia
241 625 275 689 et
286 621 325 686 de
336 615 577 686 incontinentia.
594 613 804 682 Continentia
819 639 859 682 ιιι
877 638 928 681 em
942 614 1155 682 indicaturex
1166 613 1286 698 obrecto
1313 635 1371 678 nam

183 749 218 792 ιι
229 723 393 790 continere
407 719 529 784 abonis
545 719 690 804 agendis,
705 713 848 786 malitiae
862 737 945 805 opna
959 720 1026 795 est,
1043 717 1100 784 sed
1114 717 1274 784 abstinere
1287 714 1360 780 abu

181 827 274 915 iuria,
287 821 551 910 salutis'initium.
565 819 713 902 Quanam
724 843 759 887 re
771 815 863 888 differ
889 819 1033 886 abestrts
1045 817 1151 900 homo,
1158 818 1276 908 Angelr
1286 819 1372 882 autem

75 913 81 926 ¹
182 929 235 994 dei
249 927 376 1013 homine
392 927 469 990 sunt
485 923 718 1010 sapientiores?
734 923 936 1011 Sapientiam
950 917 1031 988 nihil
1041 921 1129 988 aliud
1140 922 1212 988 drco
1221 943 1282 986 msr
1292 941 1362 986 scen

861 615 1008 681 ῒ”
1209 613 1216 629 ’
1292 637 1300 691 3

864 823 879 886 t
995 820 1002 834 ·
1266 819 1329 936 ..ι

1045 1026 1053 1040 .
1287 1023 1372 1095 ,τ’

1115 1172 1197 1244 1,,
1366 1167 1372 1198 ‚

1252 1276 1261 1308 ‚

1168 1419 1173 1426 ‚
1246 1333 1262 1398 ι

1137 1537 1144 1552 ·
1309 1477 1372 1593 ·ἰ

1110 1685 1119 1718 ,
1274 1640 1281 1654 ⁸
1362 1671 1372 1686 ι

1127 1739 1132 1746 .
1328 1736 1372 1800 ι.·

839 1951 854 2012 t
1128 1945 1136 1961 .

906 2095 915 2128 ,
1204 2096 1214 2127 ,
1365 2087 1372 2117 ,

870 2360 885 2422 t
1096 2455 1104 2470 0
1299 2293 1374 2468 ''-

1349 2652 1372 2726 'l

1058 2811 1067 2844 ,
1328 2748 1373 2892 ,ἰ

1345 2959 1374 3022 ι

1101 3733 1154 3804 ι,

1267 4652 1270 4662 ¹
1401 4659 1402 4716 l

1401 4719 1402 4784 ι

1401 4811 1402 4858 l

168 1031 273 1098 'tiam
298 1026 407 1110 Quare
421 1025 626 1113 Pythagoras
642 1026 745 1092 solum
761 1025 856 1092 deum
870 1028 1165 1114 quumsaprentem
1178 1043 1253 1090 esse
1265 1021 1354 1088 drcere

184 1131 351 1218 seipsum,
373 1130 506 1217 propter
524 1115 622 1207 illam,
644 1151 726 1214 quae
745 1128 775 1193 ei
796 1149 869 1194 cum
888 1127 949 1193 deo
962 1121 1186 1197 intercedebat
1212 1129 1364 1192 amrcrtram

182 1233 408 1323 philosophum
431 1230 567 1297 vocavit.
609 1229 675 1295 Est
695 1229 779 1296 enim
799 1251 932 1296 verum
951 1229 1013 1296 deo
1038 1227 1246 1296 mandentum
1285 1247 1372 1292 verum

171 1333 292 1402 ¹autem
313 1335 449 1426 generat
467 1332 648 1409 veritatem,
664 1352 761 1418 quam
783 1323 889 1398 amat
912 1330 1101 1418 gnosticae·
1135 1331 1203 1400 Sed
1223 1355 1245 1398 ιι
1275 1329 1373 1395 adram

96 1453 100 1460 ·
182 1439 316 1528 propius
342 1436 501 1514 accedam,
522 1437 575 1500 est
595 1434 848 1520 uniuscuiusque
867 1433 1015 1501 animalis
1036 1455 1155 1500 munus
1172 1455 1331 1523 proprium
1351 1431 1373 1494 at

170 1539 275 1607 ¹bouis
291 1542 325 1604 et
340 1538 414 1627 equi
429 1541 463 1602 et
478 1540 654 1602 ceterorum
662 1561 671 1615 3
699 1537 794 1627 quale
815 1556 893 1624 ergo
907 1531 1045 1604 hominis
1060 1558 1199 1604 maxime
1213 1555 1358 1626 preprium

182 1643 323 1710 Videtur
344 1639 502 1726 equidem,
523 1642 562 1704 ut
574 1639 705 1728 opinor,
728 1639 841 1704 similis
862 1659 934 1704 esse
955 1641 1108 1705 centauro
1134 1638 1318 1706 Thessalico
1329 1634 1362 1717 ig

182 1745 293 1810 mento
307 1743 365 1824 illi,
381 1741 580 1827 compositus
595 1763 636 1807 ex
656 1744 750 1828 parte
764 1741 901 1808 rationis
915 1739 1073 1830 participe
1087 1745 1122 1808 et
1136 1764 1176 1808 ex
1190 1743 1284 1830 parte
1295 1761 1327 1804 ra
1341 1757 1362 1800 ιι

146 1881 149 1890 2
182 1846 234 1912 nis
250 1847 393 1932 experte,
414 1843 520 1907 anima
541 1844 576 1906 ιι
595 1864 737 1930 corpore.
783 1841 921 1931 Corpus,
941 1843 981 1910 dc
1002 1846 1091 1910 terra
1105 1843 1278 1910 sollrcrtum
1291 1837 1373 1906 ιιιιι

183 1946 225 2012 ad
237 1949 371 2024 terram3
387 1944 494 2010 anima
503 1947 617 2011 ¹autem
632 1945 783 2026 addeum
798 1963 838 2013 ιιι
855 1945 975 2024 oditur,
989 1967 1072 2035 quae
1083 1945 1214 2035 qurdem
1224 1960 1372 2034 parcerem

89 2127 98 2136 ,
182 2049 310 2116 erudita
324 2047 557 2138 philosophiam
578 2048 746 2115 contendit
765 2049 807 2114 ad
828 2071 903 2116 suos
936 2047 992 2135 qui
1011 2069 1110 2136 supra
1124 2051 1203 2114 sunt
1228 2045 1364 2134 cognatos

183 2150 325 2240 corporis
341 2149 575 2238 cupiditatibus
589 2149 736 2228 liberata,
752 2151 830 2240 quin
844 2151 943 2217 etiam
957 2149 1067 2228 labore
1081 2153 1234 2240 metuque
1275 2147 1362 2227 Quam

183 2276 280 2342 quam
295 2255 347 2318 est
365 2253 472 2318 metus
493 2251 633 2340 quidam,
655 2251 711 2340 qui
730 2253 764 2318 in
784 2253 878 2319 malis
897 2252 1030 2318 minime
1048 2249 1330 2318 eat-numerandus
1351 2243 1374 2308 et

181 2354 234 2421 hio
250 2351 378 2440 q'uidem
393 2377 413 2418 a
427 2353 517 2439 Lege
530 2353 736 2441 praecipitur.
780 2355 867 2422 Duci
899 2355 983 2422 enim
999 2354 1041 2420 ad
1056 2353 1251 2422 servandum
1265 2347 1363 2418 manda

181 2459 253 2522 tum
272 2457 352 2522 illud
372 2457 583 2544 praeclarum,
607 2457 692 2541 quod
717 2445 1010 2524 continet‘omnia:
1060 2454 1189 2542 Drlrges
1211 2455 1365 2522 Dominum

182 2557 277 2623 deum
292 2561 397 2635 tuum,
413 2579 453 2622 ex
467 2560 539 2623 toto
553 2559 648 2626 corde
662 2561 734 2637 tu03
758 2563 793 2626 ιι
806 2557 922 2644 diliges
937 2559 1119 2646 proximum
1133 2561 1229 2624 tuum
1250 2555 1362 2626 sicutte

171 2660 323 2748 'ipsum.“
365 2659 431 2725 Hic
450 2681 527 2748 ergo
546 2669 652 2726 metus
673 2660 717 2738 id,
744 2661 831 2747 quod
849 2683 924 2727 vere
943 2663 996 2726 ιιι
1015 2660 1236 2744 metuendum,
1256 2653 1367 2746 expellit

174 2763 360 2850 peccatum.
404 2759 496 2850 Mors
516 2762 612 2841 enim,
637 2765 882 2830 metuendorum
906 2764 1055 2830 ultimum
1093 2785 1191 2851 quam
1215 2767 1373 2830 metuamus

182 2859 321 2951 op'ortet,
337 2865 390 2929 est
404 2883 443 2929 ea
456 2863 582 2930 animae
597 2887 670 2932 oum
685 2887 817 2954 corpore
831 2865 1024 2947 coniunctio,
1040 2889 1123 2958 qnae
1136 2870 1272 2956 peccato
1281 2859 1373 2931 aaut,

135 3045 136 3052 ἵ
182 2965 253 3033 vita
272 2969 381 3032 autem
401 2966 539 3032 amanda
558 2970 610 3034 ιιι
636 2973 798 3056 separatio
817 2991 837 3034 a
855 2971 1016 3056 peccato.¹
1041 2967 1110 3035 Neo
1134 2973 1204 3036 tam
1226 2971 1344 3034 metum

121 3149 124 3154 ¹
180 3091 268 3136 mors
282 3069 476 3148 naturalis,'
466 3094 489 3135 1
504 3092 532 3141 ι
548 3071 673 3136 animae
688 3095 707 3136 a
722 3093 853 3161 corpore
868 3071 1053 3154 disiunctio,
1070 3093 1167 3157 qaam
1182 3072 1309 3162 quidem
1322 3064 1373 3131 toto

180 3171 230 3238 vit
231 3193 268 3236 ae
215 3153 408 3237 thuiust
393 3173 538 3260 tempore
552 3159 772 3292 philosophus
778 3173 879 3238 medit
864 3175 967 3239 tatur.
986 3173 1080 3256 Quae
1090 3173 1260 3240 meditatio
1270 3161 1373 3260 gnosti-

181 3295 252 3340 oam
268 3272 429 3374 quandam
444 3275 575 3362 pariter
589 3274 688 3341 animi
677 3275 913 3355 alacritatem,
933 3279 972 3342 ut
986 3275 1094 3364 possit
1105 3275 1199 3345 lacile
1213 3277 1295 3343 terre
1308 3285 1373 3338 mor·

181 3377 249 3442 tem
263 3378 452 3459 naturae1)

244 3477 279 3542 Is
295 3479 392 3554 certe,
411 3476 460 3541 ita
479 3475 608 3562 quidem
629 3478 845 3572 comparatus,
864 3477 1097 3560 testimonium
1104 3479 1170 3550 tert
1189 3473 1374 3566 simpatia

172 3601 253 3648 'esse
268 3579 302 3644 in
317 3578 454 3644 deum
429 3592 551 3646 srncere
560 3578 701 3659 fidelem
716 3581 789 3647 tent
774 3580 873 3646 tatori
885 3583 1004 3662 autem,
1016 3581 1101 3649 hunc
1109 3581 1252 3649 tmstra
1242 3603 1276 3647 ιιι
1286 3579 1373 3666 ipsum

180 3681 395 3749 aemulatione
415 3703 487 3748 esse
507 3683 611 3770 percit
612 3705 676 3770 um,
698 3706 798 3772 quum
818 3683 864 3750 sit
881 3684 1018 3752 caritate
1036 3683 1154 3752 fidelis·
1176 3682 1314 3753 Domino
1332 3675 1373 3740 de·

178 3786 287 3874 nique,
302 3784 407 3872 ipsius
421 3785 455 3850 in
469 3785 616 3852 doctrina
630 3786 772 3852 divinam
786 3785 1001 3874 persuadendi
1015 3787 1081 3856 vim
1099 3809 1217 3866 messe,
1237 3810 1259 3854 a
1273 3803 1333 3872 qua
1343 3793 1373 3842 ιθ

145 3874 148 3884 “
178 3893 246 3954 met
248 3913 269 3954 ιι
289 3887 418 3974 quidem
437 3891 522 3954 mort
523 3888 552 3954 is
508 3887 710 3956 tdefioiat,
746 3887 950 3971 Quinetiam
969 3891 1057 3958 tacto
1076 3891 1250 3958 veritatem·
1265 3876 1373 3978 praedi·

173 3988 317 4058 'cationis
338 3990 514 4068 confirmat,
534 3994 650 4080 potent
651 4014 701 4058 em
721 4012 897 4072 cumenae,
917 3993 1070 4079 adquam
1083 3993 1266 4070 contendat,
1282 3988 1372 4055 osten·

66 4169 73 4184 ,
179 4093 269 4161 dens.
291 4093 357 4160 Hic
371 4116 448 4180 ergo
463 4097 530 4160 met
531 4117 553 4159 u
566 4097 665 4211 propt
666 4117 701 4159 ιι
714 4089 869 4182 praecept
870 4117 924 4160 um
854 4089 1094 4163 taChristi
1108 4095 1279 4184 negatione
1291 4081 1371 4154 decli·

179 4197 248 4274 nat,
264 4199 303 4262 ut
316 4197 417 4262 metui
428 4195 564 4262 fiat
496 4199 564 4263 ttes
565 4197 603 4262 is.
626 4195 711 4262 Νιι
707 4219 783 4263 vero
793 4201 928 4285 propter
939 4197 1094 4266 bonorum
1105 4201 1288 4286 paratorum
1299 4203 1371 4277 spem

180 4297 293 4365 vendit
317 4297 426 4380 fidem,
451 4297 508 4364 sed
534 4301 667 4388 propter
688 4321 780 4366 suam
803 4299 837 4364 in
857 4300 1035 4367 Dominum
1057 4301 1226 4368 caritatem
1244 4287 1371 4362 libutiu-

180 4399 260 4470 aime
273 4399 334 4468 hac
346 4400 417 4469 vita
430 4401 625 4484 exsolvetur,
639 4401 705 4472 imo
718 4403 859 4491 gratiam
871 4402 994 4474 habens
1009 4425 1109 4496 quum
1123 4425 1164 4485 ιι,
1179 4425 1234 4492 qur
1247 4401 1315 4468 hmo
1326 4410 1359 4462 ex

235 4621 261 4696 ι
278 4625 463 4695 ιιι-ιιι.
