2814 5052
738 351 808 416 ’222

677 443 878 452 ——.-..-..—

169 543 273 611 bonus
288 541 323 608 et
336 537 504 614 honestus,
524 536 651 614 nititur,
677 559 717 604 ex
737 536 822 604 bono
846 536 881 601 et
904 531 992 600 fideli
1007 553 1100 600 servo
1121 535 1252 608 caritate
1268 533 1354 602 factus

169 643 291 712 airricus
306 642 439 730 propter
450 637 582 704 habitus
597 638 840 726 perfectionem,
861 657 958 725 quam
973 658 1014 702 ex
1027 659 1104 703 vera
1118 635 1280 724 disciplina
1288 638 1354 704 md·

166 750 268 836 taque
283 739 513 811 exercitatione
534 757 614 828 pure
629 741 810 834 aequisivit.
853 737 1010 834 Pulchrae
1025 742 1135 809 autem
1149 739 1277 828 respicit
1292 739 1354 805 ima·

169 849 273 936 gines,
289 845 409 912 multos
425 843 564 934 quidem,
586 843 641 932 qui
657 843 797 932 perfecte
810 841 974 923 vixerunt,
991 841 1207 928 patriarchas,
1227 841 1355 931 plurimos

167 935 355 1039 prophetas.
402 947 488 1014 Sunt
512 947 609 1043 etiam
635 945 794 1034 propositi
814 943 906 1012 nobis
927 943 970 1009 ad
988 944 1180 1033 imitandum
1199 945 1356 1013 innumera-

168 1053 249 1119 biles
276 1049 383 1138 angeli
408 1053 443 1114 et
467 1049 630 1136 postremo
660 1047 823 1144 Dominus
849 1048 935 1136 ipse,
965 1045 1020 1135 qui
1043 1069 1103 1114 nos
1123 1043 1234 1115 docuit
1258 1052 1290 1114 et
1305 1046 1356 1112 fieri

167 1177 274 1244 posse,
290 1157 329 1220 ut
344 1174 501 1220 summam
516 1151 620 1248 vitam¹
632 1149 720 1224 illam
735 1171 956 1238 assequamur,
973 1147 1126 1216 ostendit
1164 1147 1356 1232 Quamobrem

168 1256 275 1322 omnia
289 1255 384 1320 huius
405 1252 516 1319 mundi
536 1251 636 1331 bona,
659 1273 741 1342 quae
757 1256 835 1318 sunt
847 1252 1045 1340 inpromptu
1065 1255 1100 1317 et
1120 1251 1163 1317 ad
1177 1275 1310 1332 manum,
1329 1273 1356 1316 ue

166 1359 256 1424 humi
270 1359 450 1433 remaneat,
471 1343 738 1440 minime'diligit‚
760 1353 817 1420 sed
832 1353 940 1440 diligit
953 1375 1010 1432 ea,
1030 1376 1113 1444 quas
1129 1359 1309 1444 sperantur,
1321 1351 1355 1419 vel

166 1461 275 1549 potius
294 1461 360 1526 iam
380 1460 458 1524 sunt
476 1444 623 1545 cognita,
646 1479 813 1546 speramus
833 1450 944 1526 auteni
963 1479 1002 1523 ea
1022 1479 1042 1522 a
1060 1455 1154 1524 nobis
1175 1457 1215 1524 iri
1237 1478 1356 1545 compre

131 1583 144 1592 ³
166 1563 310 1632 hensum.
353 1560 493 1651 Propter
503 1561 585 1628 hanc
608 1559 709 1628 solam
726 1581 816 1648 spem
835 1581 901 1626 non
922 1559 1026 1643 solum
1045 1559 1188 1638 labores,
1208 1561 1356 1635 tormenta,

166 1664 394 1732 afflictationes
411 1663 562 1741 sustinet,
579 1663 635 1730 sed
649 1662 790 1730 iucunda
804 1661 902 1728 etiam
917 1661 1096 1728 contemnit
1110 1661 1229 1730 omnia.
1257 1661 1358 1727 Ferunt

164 1767 294 1858 quidem
309 1768 442 1834 beatum
456 1764 602 1844 Petrum,
625 1789 725 1854 quum
740 1765 878 1832 vidisset
891 1785 1025 1830 uxorem
1040 1787 1130 1832 suam
1145 1763 1222 1832 duci
1241 1763 1282 1830 ad
1294 1783 1358 1830 mor-

77 1859 89 1882 *
164 1873 242 1947 tem,
258 1869 345 1958 quod
364 1871 535 1937 vocaretur
555 1865 748 1957 domumque
766 1867 988 1946 reduceretur,
1014 1866 1187 1946 laetatum,
1217 1866 1358 1932 hortatum

165 1971 294 2061 quidem
309 1995 379 2039 eam
395 1971 495 2039 luisse
510 1973 544 2036 et
558 1971 813 2048 consosolatum,
833 1973 912 2035 tunc
928 1990 1003 2036 vero
1022 1970 1151 2038 nomine
1171 1969 1358 2060 compellasse

164 2073 284 2140 talibus
305 2073 431 2140 verbis:
461 2073 572 2138 Heus
601 2075 644 2140 tu
665 2074 856 2140 memento
878 2071 1066 2153 Dominil,
1090 2072 1288 2140 Huiusmodi
1308 2093 1357 2137 ma·

163 2176 384 2242 trimoniuma'
404 2174 540 2241 caritate
561 2177 647 2242 certe
666 2198 731 2240 non
751 2173 897 2242 abduxit.
940 2173 987 2240 nt
1001 2178 1133 2264 propter
1148 2168 1236 2244 hahc
1255 2175 1358 2266 quiden

164 2301 254 2368 spem
265 2280 364 2344 ctiam
378 2277 543 2366 praeclara
557 2278 737 2364 gratiarum
757 2277 843 2344 actio
861 2277 896 2344 in
915 2277 987 2366 ipso
1007 2277 1174 2367 supplicio.
1220 2279 1284 2346 Est
1301 2297 1358 2362 ergo

162 2381 196 2448 in
211 2382 325 2471 quovis
341 2403 419 2460 casu
432 2379 526 2446 fortis
548 2401 586 2448 ac
601 2379 707 2446 valida
721 2380 863 2466 gnostici
877 2379 995 2462 anima,
1018 2402 1101 2470 quae
1116 2379 1221 2448 veluti
1241 2381 1359 2450 athletae

162 2506 290 2572 corpus,
306 2482 429 2572 optima
439 2485 492 2548 est
506 2483 689 2548 conditione
703 2481 865 2571 habetque
875 2482 960 2550 vires
973 2479 1139 2554 maximas.
1182 2486 1296 2574 Atque
1309 2504 1358 2548 on·

161 2586 216 2650 nia
230 2585 312 2650 bene
332 2583 499 2649 moderata
521 2588 599 2652 sunt
617 2607 655 2650 ac
678 2587 870 2674 temperata.
918 2583 1046 2664 Melum
1066 2585 1159 2675 pellit
1178 2587 1233 2656 dei
1253 2586 1358 2654 fiducia

159 2688 278 2778 Itaque
292 2694 404 2754 revera
422 2687 588 2752 terrestris
603 2685 731 2756 divinae
751 2681 883 2754 uirtutis
902 2687 1011 2774 imago
1031 2691 1084 2754 est
1097 2689 1208 2756 anima
1221 2691 1358 2779 gnostica,

161 2792 317 2858 exornata
332 2787 428 2856 simul
441 2787 492 2854 his
507 2789 673 2884 omnibus:
692 2792 821 2872 natura,
836 2789 1076 2868 exercitatione,
1092 2813 1205 2878 eaque,
1222 2811 1359 2884 quaeum

160 2915 234 2960 cum
249 2916 286 2961 eo
301 2888 414 2970 crevit,
429 2891 568 2962 ratione.
596 2891 689 2958 Haec
698 2895 807 2958 autem
818 2891 943 2960 animae
958 2893 1163 2982 pulchritudo
1173 2895 1216 2960 fit
1225 2895 1358 2985 templum

161 2995 304 3084 Spiritus
320 2995 435 3074 sancti,
452 2993 479 3060 si
494 2993 695 3060 affectionem
710 2993 889 3082 Evangelio
904 2997 1146 3064 convenientem
1160 2997 1359 3085 habueritper

95 3097 97 3105 ’
158 3102 263 3166 totam
278 3098 389 3166 vitam.
433 3097 545 3166 Vincit
557 3097 738 3190 igiturdnon
754 3098 858 3164 solum
873 3103 1019 3177 mortem,
1042 3100 1220 3168 sedetiam
1242 3115 1379 3192 pauper·

63 3258 66 3269 .
158 3205 272 3280 tatem,
288 3201 445 3279 morbum,
461 3199 681 3299 ignominiam,
698 3199 824 3278 simiha,
839 3199 1001 3293 imperans
1016 3202 1267 3292 cupiditatibus:
1292 3201 1359 3270 Sunt

157 3304 214 3370 illa
225 3303 310 3370 enim
321 3303 479 3392 opinionis
495 3303 615 3392 potius,
632 3325 728 3392 quam
743 3301 892 3370 veritatis
907 3293 1079 3384 terribilia3
1096 3305 1257 3374 discernit
1269 3309 1359 3374 auten

157 3406 279 3496 optime
293 3407 473 3492 gnosticos,
490 3407 568 3495 quid
583 3405 628 3474 sit
641 3406 772 3483 bouum,
794 3405 872 3494 quid
885 3406 1016 3486 malum,
1037 3407 1225 3476 discrimina
1239 3408 1324 3476 novit
1336 3405 1360 3470 et

157 3509 297 3598 propria.
342 3507 462 3576 Omnia
478 3507 617 3574 scienter
627 3506 698 3594 agit
711 3507 876 3598 liberoque
891 3507 1035 3576 arbitrio.
1078 3511 1248 3580 Fortunae
1257 3512 1360 3578 incom-

129 3645 137 3654 -
157 3611 252 3677 modo
271 3610 346 3676 huic
360 3635 425 3678 non
441 3614 520 3677 sunt
539 3609 641 3688 mala,
662 3631 737 3702 vere
751 3610 881 3696 gravia,
908 3599 991 3700 quae
1011 3617 1162 3701 pugnant
1180 3618 1295 3685 eontra
1307 3609 1359 3678 vir·

154 3715 271 3792 tutem,
287 3713 328 3779 ab
344 3736 381 3780 so
397 3719 475 3780 sunt
489 3714 603 3780 aliena.
648 3712 834 3791 Timiditas,
848 3715 1062 3801 ignorationis
1078 3739 1201 3796 comes,
1223 3740 1297 3786 eum
1308 3731 1358 3780 noo

157 3814 258 3901 angit.
302 3813 371 3883 Nec
386 3839 462 3884 vero
476 3839 525 3894 ea,
552 3837 635 3906 quae
655 3815 857 3904 ignoratione
877 3815 916 3882 fit
937 3817 1039 3895 actio,
1059 3817 1210 3906 protinus
1230 3818 1303 3906 ipsa
1320 3813 1359 3880 eat

155 3917 327 4004 ignoratio,
343 3941 447 4008 neque
461 3923 595 4006 peccata
610 3919 701 3997 vitia,
716 3918 780 3984 etsi
794 3917 1043 4006 proficiscuntur
1054 3921 1173 3989 aritio.
1203 3922 1357 3988 Adversus

154 4020 263 4107 ipsum
279 4024 388 4088 autem
408 4021 523 4089 vitium
544 4024 579 4086 et
597 4020 753 4086 adversus
773 4021 878 4109 ipsam
900 4022 1117 4108 ignorantiam
1137 4023 1260 4092 bellum
1279 4016 1357 4108 gerit·

154 4121 267 4208 Neque
279 4123 382 4210 igitur
397 4121 503 4224 quivis
518 4126 648 4210 praeter
665 4124 825 4192 rationem
839 4124 950 4204 tortis,
971 4125 1139 4212 gnosticus
1159 4130 1227 4204 est3
1250 4147 1321 4192 nam
1338 4117 1359 4184 at

153 4223 203 4289 ita
217 4229 315 4304 esset,
330 4247 458 4314 pueros,
473 4225 538 4293 imo
553 4226 638 4292 feras
655 4249 883 4314 saepenumero
898 4227 1019 4295 dixeris
1031 4229 1143 4294 fortes.
1174 4223 1241 4296 Sed
1256 4225 1284 4296 si
1298 4241 1358 4292 vere

154 4325 248 4394 fortis
263 4327 367 4416 plebis
388 4328 514 4396 malitia
540 4327 574 4394 in
593 4329 801 4398 manifestum
825 4329 988 4412 adductus
1010 4329 1055 4397 sit
1074 4329 1268 4422 periculum,
1297 4345 1357 4395 cnm

153 4428 281 4510 fidncia,
297 4430 454 4524 quidquid
468 4432 619 4513 occurrit,
639 4431 775 4522 excipit3
796 4455 857 4502 nec
871 4433 1018 4524 quidem,
1038 4435 1078 4500 ut
1098 4437 1177 4502 sunt
1196 4434 1355 4520 martyres,

153 4530 380 4621 quidiountur,
393 4533 543 4606 senescio
554 4537 713 4627 quomodo
719 4537 812 4627 quasi
823 4535 971 4606 iuiiciena
982 4535 1017 4604 in
1026 4535 1179 4627 pericula,
1194 4536 1253 4622 sed
1266 4532 1356 4626 prim

156 4621 1255 4732 declinaraquumautemaperte'vocaveritdeue,prompto‘etataori
1263 4637 1357 4711 auimo
