2820 5052
649 351 711 414 ιιι
817 312 861 414 J

72 557 107 602 ax
122 535 181 612 eis,
199 557 291 620 quas
299 534 461 612 accidunt,
473 556 578 620 neque
589 535 765 621 quidquam
775 556 816 601 ex
826 533 873 600 eis'
884 537 1025 613 veretur,
1041 557 1123 624 quse
1133 533 1291 602 utilitetis

70 659 165 703 ιιιιιι
177 637 270 704 ‘fiunt
290 635 432 702 adirino
453 637 602 714 concilim
625 659 729 723 neque
749 637 831 702 mori
851 637 1014 704 erubescit
1029 637 1146 704 bonam
1166 637 1291 705 babens

70 737 302 804 conscientiam
329 738 510 825 meliusque
542 739 595 826 egi
625 758 733 806 secum
765 740 870 806 sciens
894 763 934 811 ex
962 739 1024 805 beo
1052 739 1122 806 vita
1145 759 1290 824 egresso.

70 837 176 921 Quare
191 863 362 926 nunquam
377 841 550 908 iucundum
565 841 616 908 rel
627 841 707 908 utile
719 841 846 906 divinae
860 841 1002 936 p'reelert
1014 843 1181 928 οἰκονομία,
1197 865 1289 907 men·

69 941 150 1008 detis
167 963 205 1008 se
220 963 394 1019 exercens,
416 945 455 1008 ut
468 941 665 1010 inomnibus
685 941 802 1008 evadet
822 924 955 1010 Domini
974 948 1135 1032 acceptus
1178 943 1290 1010 Rebus
1344 1024 1346 1028 Ι

68 1047 171 1110 nutem
181 1029 377 1119 ‚mundanis
392 1047 431 1110 ιιι
444 1050 585 1132 oportet,
600 1046 715 1121 utitur,
731 1045 854 1132 gratiss
870 1067 982 1130 agens
979 1051 1018 1112 et
1033 1049 1214 1128 creaturam
1229 1045 1288 1110 ed-

68 1145 196 1214 mirans2
248 1145 320 1214 sed
347 1145 482 1214 scientia
505 1146 787 1235 contemplationis
806 1147 961 1231 colligens
988 1147 1160 1225 viaticum,
1189 1169 1289 1234 quum

68 1249 315 1336 magnificenter
329 1249 610 1337 contemplationis
626 1249 787 1337 acceperit
801 1249 1068 1334 magnitudinem,
1083 1249 1232 1337 procedit
1246 1249 1288 1316 ad

68 1354 215 1417 cenetam
247 1351 474 1418 translationis
504 1351 806 1434 remunerationem.
859 1351 905 1420 lla
924 1351 1003 1418 haec
1028 1351 1169 1437 quidem,
1190 1370 1290 1436 quum

67 1450 128 1517 deri
143 1453 265 1541 potuit
273 1444 472 1530 breuissime,
489 1451 624 1520 Graecis
639 1452 771 1520 seminis
782 1453 887 1520 instar
899 1453 987 1520 dicta
998 1454 1068 1520 sint
1076 1453 1117 1520 de
1128 1453 1287 1548 gnostico.

124 1555 244 1640 Atque
257 1553 358 1632 illius,
374 1555 474 1622 utile
488 1554 603 1632 diuum,
625 1557 792 1634 ἀπαθείας,
816 1579 912 1642 quam
933 1556 1105 1622 tribuimus
1127 1555 1288 1641 gnostico,
1408 1609 1409 1612 ι

67 1675 125 1739 que
143 1655 259 1722 fidelis
278 1655 592 1744 hominis‘perlectio
614 1679 682 1744 per
704 1659 915 1724 ceritatem
930 1679 934 1684 ·
947 1658 986 1722 in
1007 1657 1133 1723 virum
1148 1657 1290 1744 prooe-

67 1755 156 1822 dens
194 1756 422 1846 perfectum
462 1758 510 1824 ad
549 1781 768 1826 mensurum
806 1759 990 1847 pervenit
1024 1759 1191 1836 aetatis,
1225 1759 1288 1826 deo
1334 1834 1339 1842 s
1408 1755 1409 1766 ’

69 1855 195 1934 similis,
218 1881 297 1926 vere
316 1858 442 1946 angelis
463 1861 607 1950 aequalis
616 1907 633 1938 ,,
647 1866 840 1929 succurrunt
852 1860 962 1948 multa
981 1861 1111 1946 quidem
1130 1861 1194 1926 alia
1214 1883 1239 1926 s.
1262 1883 1289 1926 s.

68 1955 513 2046 seripturarumtestimonia.
537 1963 603 2030 Sed
614 1963 696 2031 beno
706 1964 833 2030 leudem
844 1963 1054 2048 relinquimus
1070 1963 1152 2028 aliis.
1175 1963 1288 2031 Unum

67 2043 170 2129 ιιιιιιι
192 2063 352 2151 Apostoli
373 2039 688 2135 locum'br'evissime
712 2071 748 2130 et
770 2065 872 2132 veluti
894 2065 1013 2133 cursim
1036 2064 1288 2152 interpretabor.

67 2160 125 2228 list
139 2169 255 2233 autem
271 2165 425 2254 inpriore
447 2167 553 2252 epod
571 2164 644 2232 Cor.
658 2189 684 2234 c.
700 2167 765 2245 Vl;
788 2189 847 2234 neo
862 2189 953 2244 vero,
980 2189 1079 2252 quum
1096 2167 1214 2253 longus
1230 2167 1288 2245 sit,

67 2265 168 2332 lotum
184 2269 230 2334 ed
245 2267 379 2334 verbum
394 2267 642 2351 transscribem,
667 2268 724 2334 sed
744 2291 890 2345 sensum,
913 2293 982 2354 ¹quo
1002 2269 1142 2355 gnostici
1162 2268 1286 2356 perfec-

68 2364 182 2434 tionem
205 2370 379 2447 describit,
409 2393 577 2458 exponum.
631 2369 704 2436 Non
731 2371 833 2439 solum
852 2371 956 2457 igitur
976 2373 1010 2436 in
1035 2371 1095 2436 hoc
1114 2371 1290 2452 coustituit

68 2471 263 2550 gnosticum,
283 2473 369 2557 quod
383 2473 501 2538 iniuria
514 2473 623 2559 potius
640 2472 816 2551 efficiatur,
837 2495 934 2558 quem
949 2473 1087 2552 afficiet,
1110 2475 1167 2540 sed
1187 2473 1287 2540 etiem

68 2588 134 2636 eum
147 2577 309 2662 acceptae
323 2567 458 2642 iniuriae
472 2575 619 2643 oblivisci
631 2576 734 2643 docet.
780 2577 852 2644 Scit
862 2576 946 2642 enim
959 2577 1136 2642 Dominum
1148 2596 1288 2662 quoque,
1337 2603 1344 2629 ι

68 2675 166 2740 orari
195 2697 270 2764 pro
297 2676 488 2752 inimicis,
525 2681 640 2763 aperte
666 2677 812 2746 iussisse.
861 2677 989 2747 Deinde
1017 2678 1171 2744 iudicio
1193 2695 1287 2747 cona

67 2775 231 2850 tendere
260 2801 319 2846 nos
339 2782 432 2846 vetat
456 2779 569 2865 apud·
594 2779 785 2855 iniustosr
815 2802 890 2846 nem
921 2782 1024 2846 vicem
1055 2781 1202 2857 reddere,
1234 2783 1289 2860 est

68 2873 214 2948 iniuriam
230 2881 359 2958 referre,
381 2881 468 2966 quod
488 2879 728 2948 haud-multum
748 2881 859 2946 differt
877 2881 918 2948 ab
937 2881 1104 2948 inferendo
1124 2881 1290 2962 iniuriam„

69 2973 227 3050 Concedit
246 2987 356 3050 eutem
378 2983 505 3068 sliquos
522 2983 820 3068 apud-sanctos
849 2985 1090 3050 contendere
1116 2983 1285 3064 iudicio;¹
1312 3043 1314 3050 ,

69 3082 118 3162 qui
131 3085 285 3170 quamvis
301 3085 462 3173 prioribus
471 3085 546 3151 ‚siut
560 3083 719 3170 meliores,
733 3087 844 3150 temen
859 3106 922 3152 non
937 3085 1089 3172 perlecti,
1104 3087 1144 3148 ut
1158 3081 1213 3168 qui
1227 3107 1290 3171 pen

1 3189 2 3194 ’
69 3184 148 3267 tent,
165 3192 206 3254 ut
218 3185 375 3254 'iniuriam
397 3185 610 3254 inferentibus
630 3209 690 3274 par
710 3187 780 3274 pari
800 3187 975 3265 reseratum
999 3192 1034 3254 ιι
1052 3207 1128 3254 nero
1149 3186 1285 3272 perlecti

68 3295 238 3367 precantur
253 3311 312 3376 pro
325 3289 476 3356 inimicis.
508 3288 590 3357 Nam
605 3288 670 3354 etsi
686 3289 772 3356 verit
757 3289 934 3372 tridentes
919 3293 973 3356 tur
966 3291 1105 3356 'habere
1125 3281 1286 3368 inimicis,

69 3387 117 3468 qui
131 3391 198 3478 ipsi
213 3391 404 3469 invideris
395 3415 468 3480 rpsa
482 3393 591 3458 tulmen
606 3391 725 3459 nemini
746 3392 820 3458 est‘
810 3392 949 3458 mimice.
993 3391 1102 3458 Deus
1124 3391 1209 3458 enim
1224 3391 1284 3457 ia-

70 3487 120 3554 til
148 3494 272 3560 solem
302 3517 417 3560 suum
445 3517 541 3560 or1r1
576 3515 694 3581 super
719 3494 850 3562 rustos
878 3498 918 3560 et
944 3493 1132 3563 rurustos
1178 3492 1284 3577 Quin-

1 3627 2 3638 ι
70 3589 187 3660 etiam
177 3619 287 3685 ipsum
302 3595 537 3666 Dominum‘
494 3598 586 3664 misit
571 3597 642 3662 tad
661 3596 767 3664 rustes
781 3602 817 3664 et
830 3597 987 3674 mrustds
1009 3617 1134 3662 summa
1147 3618 1284 3663 rurunas

70 3688 240 3776 oblivione,
270 3699 440 3766 remittens
470 3699 898 3788 septuagiessepties.
944 3695 1025 3764 Cur
1060 3721 1135 3764 non
1170 3721 1289 3784 ergo,
1318 3755 1323 3768 ,

71 3791 114 3858 tit
132 3799 332 3888 Apostolus,
361 3801 529 3890 potius
520 3801 668 3868 iniuria
688 3799 918 3868 afficimini?
954 3798 1034 3866 Cur
1053 3824 1129 3866 non
1148 3802 1284 3888 potius

1 3895 2 3974 l
71 3889 328 3970 fraudamini?
313 3901 449 3972 Sed
469 3925 539 3970 voa
565 3903 751 3970 iniuriam
775 3901 875 3968 iecit
860 3901 1212 3981 tisetfruudatis,
1235 3903 1287 3972 eis

70 3997 205 4083 quidem,
225 4027 282 4094 qur
272 4004 431 4092 'aperte'
422 4009 574 4092 ignorent
575 4006 607 4070 ie
622 4009 767 4094 ριιιιιιιι,
782 4009 916 4092 preeunt
917 4028 952 4070 es
901 4005 1059 4084 t,rnale
1076 4009 1111 4070 et
1124 4005 1285 4086 fraudetis

1 4159 2 4202 p
71 4111 121 4164 tos
135 4103 187 4170 dei
201 4105 371 4174 elementia
382 4112 416 4174 et
431 4109 593 4186 bonitate,
612 4111 770 4193 quantum
786 4107 885 4174 estin
899 4107 1003 4186 vobis,
1020 4107 1101 4174 mele
1112 4109 1283 4196 precando,

71 4193 296 4285 idqueeciam
318 4208 485 4289 iratres,
508 4208 774 4286 noneolumeos‚
797 4209 1085 4298 quisuntinlide,
1113 4209 1284 4276 sedetiam

72 4307 254 4395 proselytus
268 4312 397 4381 futuros
415 4313 613 4402 significans.
656 4311 738 4376 Nam
756 4311 864 4378 sitne'
855 4336 883 4380 rs
900 4312 1039 4399 quidem,
1061 4311 1117 4399 qui
1132 4333 1217 4378 nune
1231 4316 1289 4378 est

1 4404 2 4478 Ϊ
73 4397 224 4494 nfinitus,
239 4416 353 4504 postea
368 4416 562 4492 crediturus,
581 4415 743 4483 nescimus
760 4414 875 4481 adhuc.
919 4415 1026 4494 Unde,
1043 4414 1106 4480 etsi
1120 4435 1184 4480 non
1202 4413 1286 4497 sint

73 4521 194 4595 Ques,
212 4522 253 4584 at
270 4517 364 4589 nobis
384 4517 524 4586 tamen
514 4518 595 4606 rpsie
615 4515 733 4584 debere
752 4515 883 4584 videri
909 4517 1044 4596 fratres,
1065 4520 1177 4606 aperte
1193 4515 1283 4583 colli·

74 4605 166 4692 KQ
206 4619 493 4695 novercarum
508 4639 635 4738 quoque
649 4616 794 4690 houna
809 4619 906 4690 unlus
919 4643 993 4692 esse
1008 4641 1090 4785 oppp
1106 4619 1158 4688 dei
1168 4641 1283 4704 unem-
