2820 5052
527 343 730 447 Α
796 419 798 426 ,

57 531 144 595 coetus
157 532 188 596 et
207 528 367 595 hominum
389 527 578 611 multitudo,
604 553 687 622 queo
706 527 832 618 regitur
851 528 940 618 lege,
968 529 1054 598 sicut
1068 531 1238 600 eeclesiae

57 629 135 717 logo,
149 653 224 718 quoe
239 633 366 718 quidem
381 631 497 698 civitas
518 625 589 711 est.
607 653 689 718 quae
710 654 770 698 nec
789 631 1015 699 circumsederi
1041 637 1153 722 potest
1177 659 1237 705 nec

57 733 163 819 opprimi
177 733 354 824 tyrannide,¹
370 733 479 800 divine
493 735 528 800 in
542 738 630 800 terre
643 735 806 814 voluntas,
823 733 909 800 sicut
922 735 956 800 in
971 735 1068 803 coelo.
1090 737 1237 806 Huiusce

57 838 138 900 sotem
162 835 300 902 civitatis
325 835 483 923 imagines
510 839 625 924 poetae
656 857 783 922 quoque
819 837 950 925 scriptis
981 837 1050 904 suis
1083 842 1235 908 condunt.

57 936 253 1024 Hyperboreae
280 937 365 1004 enim
386 941 421 1004 et
439 939 646 1028 Arimaspiae
665 937 814 1005 civitatee
840 941 875 1004 et
899 939 1005 1028 eeinpi
1028 939 1135 1028 Elysii
1161 943 1239 1010 sunt

61 1035 181 1105 iustorum
195 1039 405 1128 respublicae.
450 1040 579 1108 Scimus
596 1047 704 1106 eutem
719 1039 866 1106 Platonis
883 1063 1010 1130 quoque
1030 1043 1236 1112 civitatem
1269 1048 1275 1056 ’

59 1159 117 1206 oooc
135 1143 378 1231 propositam
401 1143 440 1210 in
462 1143 571 1212 coelo
592 1147 637 1210 ut
658 1141 911 1232 exemplur1).
1272 1155 1274 1162 '

617 1319 669 1382 10.

376 1433 434 1500 De
455 1433 552 1500 libri
573 1319 616 1503 ll.
639 1433 882 1522 argumento.

96 1546 139 1614 De
152 1551 299 1636 gnostico
317 1553 445 1641 quidem
460 1554 539 1652 llaec
551 1555 709 1622 hactenus
721 1554 823 1621 veluti
833 1551 969 1639 curpim3
991 1549 1056 1616 iem
1068 1573 1143 1620 vero
1154 1553 1235 1620 fides

53 1667 136 1716 rursus
155 1653 396 1721 considerando.
442 1657 529 1724 Sunt
548 1657 649 1735 euim,
677 1657 805 1750 quiite
830 1654 1051 1742 distinguant,
1076 1659 1116 1721 ui
1140 1657 1237 1740 fidem

53 1750 150 1832 quidem
168 1759 315 1854 nostrum
336 1780 408 1824 esse
428 1761 468 1826 de
488 1761 589 1840 Filio,
611 1759 827 1846 coguitionem
848 1759 956 1823 autem
978 1757 1017 1822 de
1040 1755 1166 1844 Spiritu
1187 1758 1236 1824 di-

53 1857 112 1921 ono
151 1857 216 1924 Sed
238 1862 378 1947 utreque
405 1864 447 1928 ed
469 1863 555 1930 idem
579 1864 764 1930 referuntur
784 1861 848 1928 'olio
874 1859 980 1924 modo.
1023 1858 1127 1946 Fugit
1152 1861 1237 1928 enim
1309 1929 1311 1932 ,
1392 1843 1393 1848 ¹

55 1951 109 2036 ilos,
123 1983 192 2026 vere
206 1961 402 2029 credendum
417 1987 489 2031 esse
501 1967 596 2045 Filio,
611 1967 741 2054 ipsum
756 1985 844 2030 esse
859 1961 1021 2039 Filium,
1038 1961 1236 2048 qui'vene-¹

57 2053 99 2136 lli,
118 2065 373 2150 etquomodo,
396 2071 436 2133 et
454 2072 620 2156 propter
640 2067 748 2158 quid,
772 2065 869 2132 etde
884 2063 1092 2152 passione;
1117 2085 1236 2150 cogno-

55 2169 243 2232 recreantem
270 2189 402 2234 neccsse
428 2174 494 2246 est,
523 2170 615 2258 quis
645 2167 853 2234 sit-Filius
875 2165 950 2236 dei.
998 2157 1067 2230 Ne'c
1091 2168 1237 2254 proiecto

52 2265 160 2348 ognioio
175 2267 244 2339 sine
260 2267 333 2347 fide,
349 2293 452 2360 neque
467 2271 547 2338 fides
564 2271 633 2338 sine
652 2269 847 2356 cognitione.
889 2268 1003 2358 Neque
1023 2267 1122 2334 etiam
1137 2269 1246 2354 Peter,

51 2363 86 2426 oo
97 2365 156 2434 sine
170 2369 275 2449 Fili03
299 2372 397 2438 simul
412 2374 496 2442 enim
512 2397 585 2440 cum
601 2398 649 2453 eo,
666 2373 752 2462 quod
767 2371 867 2438 Peter
887 2377 949 2450 est,
969 2371 1046 2438 Filii
1061 2375 1113 2438 est
1127 2371 1237 2440 Peter.

50 2459 127 2535 lilius
140 2475 249 2540 eutem
266 2495 361 2541 verus
378 2479 431 2541 est
451 2477 491 2544 de
512 2477 612 2544 Patre
630 2477 754 2554 doctor,
780 2477 815 2540 et
839 2477 878 2540 ut
903 2474 1015 2541 credet
1040 2475 1112 2566 quis
1138 2476 1235 2559 Filio,

49 2561 151 2638 Putrem
165 2575 295 2642 noverit
310 2581 449 2666 oportet,
466 2577 508 2644 ed
523 2601 618 2668 quem
633 2578 772 2644 refertur
786 2577 885 2642 etiam
900 2576 1015 2642 Filius.
1050 2577 1097 2644 Eo
1111 2601 1235 2658 rursus,
1255 2653 1259 2658 q

49 2669 166 2742 uiantes
185 2699 420 2766 cognoscamus
442 2679 591 2759 Putrem,
617 2680 702 2748 Filio
728 2679 857 2744 credere
885 2701 976 2766 opus·
993 2683 1059 2757 est,
1086 2681 1237 2769 quoniam

49 2767 119 2840 docet
130 2778 219 2846 illurn
235 2781 409 2848 dciFilius.
433 2782 486 2848 Ex
498 2783 560 2850 fide
572 2783 656 2849 enim
670 2783 703 2846 in
715 2780 938 2866 cognitionem.
946 2781 1037 2848 venit
1047 2805 1106 2870 per
1116 2783 1236 2849 Filium
1327 2775 1328 2779 ¹
1370 2829 1376 2850 .

48 2867 130 2946 Peter.
172 2879 329 2970 Cognitio
350 2887 460 2951 eutem
481 2883 557 2950 Filii
577 2888 611 2951 et
630 2883 740 2949 Putris
761 2883 937 2976 secundum
962 2906 1071 2949 veram
1091 2883 1237 2970 regulum
1350 2937 1353 2942 .

47 2981 201 3060 gnosticam
222 2985 461 3052 animadversio
481 2990 588 3054 estet
610 2983 850 3074 comprehensio
869 2985 1018 3050 veritatis
1039 3003 1097 3073 per
1116 2986 1239 3051 verite--

47 3077 102 3146 tm.
142 3085 206 3152 Sed
221 3089 318 3176 pauci
333 3091 463 3156 tentum
478 3088 615 3156 credunt
629 3092 728 3178 etque
743 3089 952 3172 cognoscunt.
993 3085 1145 3153 Gnostici
1160 3110 1237 3155 vero

47 3199 91 3249 lou
105 3208 247 3256 sermone
262 3213 361 3278 opere
375 3191 573 3270 describunt,
596 3190 653 3256 sed
667 3189 740 3278 ipse
760 3187 1041 3277 contemplatione.
1085 3190 1134 3256 Eo
1157 3190 1237 3258 fides

47 3283 149 3367 quidem
172 3315 268 3358 eures
296 3297 374 3360 eunt
398 3294 534 3360 animae.
579 3289 655 3375 Qui
682 3291 816 3370 habet,
845 3292 893 3358 eit
918 3291 1096 3370 Dominus,
1120 3315 1237 3364 eures

46 3388 227 3475 audiendi,
245 3395 398 3474 audiet,
413 3400 453 3463 ut
467 3395 601 3474 scilicet,
617 3419 716 3486 quum
727 3395 910 3474 crediderit,
921 3393 1085 3482 intelligat
1096 3419 1144 3475 ee,
1156 3419 1238 3486 quae

45 3483 113 3575 dicit,
127 3499 164 3560 ut
174 3496 266 3564 dicit.
292 3499 474 3585 Apostolus
490 3501 609 3577 eutem,
627 3499 666 3576 si,
680 3497 870 3575 Iustitia,
886 3498 1002 3588 inquit,
1018 3499 1080 3564 dei
1094 3498 1133 3564 in
1147 3499 1238 3588 ipso
1296 3509 1299 3514 '

45 3595 226 3665 reveletur
247 3620 292 3665 ex
313 3595 397 3668 lide
416 3601 456 3665 in
479 3599 614 3678 iidem,
637 3597 798 3688 duplicem
816 3599 912 3666 fidem
927 3599 1078 3668 nuntiare
1096 3600 1236 3680 videtur,

45 3689 81 3756 vel
108 3721 202 3766 unam
237 3701 364 3790 potius,
398 3723 481 3792 quae
517 3703 629 3790 augeri
662 3705 775 3791 potest
803 3723 841 3768 ec
865 3701 985 3791 perfici.
1041 3702 1125 3769 Nam
1150 3726 1239 3770 com-

45 3797 129 3865 nonis
143 3802 222 3870 fides
239 3803 333 3870 elteri
349 3805 519 3872 subiicitur
541 3808 699 3896 tanquam
723 3803 979 3870 fundamentum.
1023 3803 1084 3870 Ille
1109 3807 1171 3883 eet,
1197 3805 1237 3871 de

45 3912 93 3982 que
105 3901 185 3970 dixit
199 3905 378 3984 Dominus:
401 3907 521 3975 Fides
542 3912 613 3974 tue
627 3912 665 3974 te
687 3907 838 3975 salvum
859 3907 976 3986 fecit;
999 3905 1102 3972 alteru
1117 3911 1236 3986 autem,

45 4015 109 4084 quoe
123 4009 250 4074 accedit
264 4031 304 4079 ex
319 4009 491 4099 discipline
505 4013 540 4077 et
552 4000 678 4076 ratione
693 4011 848 4076 mandate
862 4009 1069 4099 exsequendi,
1084 4009 1238 4098 Apostoli

44 4107 119 4170 oront
135 4111 287 4196 praediti,
311 4113 484 4203 dequibus
503 4112 626 4180 dictum
647 4117 713 4180 est:
736 4113 854 4180 tidem
881 4113 1055 4202 ¹(eorum)
1085 4115 1237 4180 montes

44 4197 291 4281 transmovere
312 4220 351 4282 et
373 4215 534 4282 arbores
553 4217 872 4305 transplantare.
926 4215 992 4304 Est
1017 4217 1126 4280 eutem
1156 4215 1237 4283 fides

44 4304 148 4378 enimse
163 4313 262 4382 libero
274 4303 413 4384 'arbitrio
428 4317 552 4384 utentis
570 4317 738 4384 rationalis
759 4316 913 4386 assensio.
953 4318 1098 4384 Atvero
1117 4318 1237 4384 Basili·

45 4399 88 4472 dee
101 4418 404 4488 naturae-donum
420 4419 638 4510 cognitionem
653 4423 688 4489 et
701 4415 797 4490 fidem
814 4443 886 4490 esse
896 4419 1072 4488 contendit.
1110 4419 1236 4504 Quodsi

49 4539 224 4569 “ss——n-

88 4629 309 4714 'luceo-ooo.
1005 4730 1034 4785 n
