2820 5052
760 317 824 382 240

187 502 449 592 studetprobare,
462 499 581 568 ethaeo
593 499 720 586 quidem
731 502 880 591 probatio
890 503 1114 574 examinanda.
1134 503 1369 592 Pergitenimll.

184 607 240 672 ita.
266 605 420 684 „Etenim
432 603 572 690 ipsemet
586 601 723 668 Photiur
738 604 790 682 iis,
812 627 894 692 quae
913 604 1041 672 euobis
1056 606 1159 674 citata
1178 609 1369 690 suntltitnlm

6 759 9 774 ,
124 728 127 732 ·
183 707 384 790 etiuitium),
406 704 514 772 verbis
529 703 608 769 haec
622 705 775 770 continuo
791 705 975 772 subiunxit:
999 707 1245 776 Strumatum
1265 713 1369 776 autam

183 809 287 876 liber
301 809 366 874 hio
380 806 626 874 alieubinon
640 829 735 872 sana
754 808 900 885 tradit,
918 831 995 874 nou
1015 816 1144 876 tamen
1164 815 1208 878 ut
1226 811 1370 899 hypoty·
1402 811 1403 882 l

182 933 308 1000 poses.
352 909 445 976 Nam
460 907 583 975 multa
603 909 741 990 etiam,
759 931 857 995 quae
882 911 937 977 ibi
952 911 1063 978 dicta
1076 913 1255 992 inerunt,
1269 934 1370 1002 oppo-

183 1017 291 1100 gnat.
336 1011 464 1093 Quibus
479 1011 533 1076 ille
548 1010 654 1076 verbis
671 1010 834 1098 significat
853 1014 1012 1099 quaedam
1033 1015 1068 1080 in
1088 1013 1243 1094 eo‘libro,
1263 1015 1370 1084 aientia

184 1114 363 1180 Clementis
389 1111 665 1202 hypotyposibus,
688 1113 882 1193 occurrisse,
912 1137 995 1204 quac
1021 1139 1119 1184 sanae
1138 1119 1370 1204 orthodoxaeque

182 1215 255 1280 fidei
270 1217 402 1281 nostrae
422 1215 629 1303 dogmatibus
650 1216 892 1302 repugnabant3
916 1219 980 1284 alia
993 1243 1086 1299 vero,
1115 1221 1234 1308 quibus
1253 1217 1368 1288 nonnulli
1402 1201 1403 1292 l

182 1339 322 1394 errores,
347 1317 381 1382 in
402 1317 661 1404 hypotyposibus
682 1317 821 1406 dispersi
839 1320 1127 1408 impugnabantur.
1171 1323 1328 1400 Atinae,
1341 1321 1365 1386 de
1402 1293 1403 1350 l

182 1443 246 1506 quo
261 1418 381 1504 agitur,
396 1417 479 1484 libro
493 1419 572 1483 nihil
588 1421 673 1506 quod
685 1421 726 1486 ad
738 1419 947 1502 christianam
958 1423 1157 1510 religionem,
1175 1421 1367 1513 autprcilliua

180 1524 338 1600 doctrina,
355 1525 413 1586 aut
427 1523 541 1586 contra
556 1536 627 1586 earn
642 1523 751 1601 laniat,
767 1523 862 1612 plane
876 1525 1072 1613 penitusque
1082 1525 1283 1612 legimus...
1304 1522 1368 1590 Nihil
1402 1559 1403 1594 1

180 1628 290 1712 caque
305 1625 386 1689 liber
406 1623 558 1689 aPhotio
576 1625 803 1710 persalutatus
823 1649 897 1692 cum
911 1649 964 1707 ec,
995 1627 1051 1713 qui
1067 1625 1204 1694 Graecis
1223 1627 1369 1711 latinisque

180 1729 269 1816 typis
284 1727 392 1792 editus
409 1731 475 1804 est,
492 1725 580 1791 alind
602 1726 663 1792 sibi
678 1749 847 1794 commune
863 1729 1016 1796 habuisse
1031 1729 1175 1808 videtur,
1204 1731 1267 1797 nisi
1280 1751 1367 1818 proce·

166 1819 289 1908 mium,
307 1851 363 1894 seu
379 1828 621 1916 praelationem,
643 1851 725 1914 quae
739 1818 1016 1898 ea'tantummodo
1027 1832 1264 1922 complectitur,
1278 1830 1369 1918 quibus

179 1933 307 1998 Auctor
322 1931 362 1995 de
377 1931 663 1998 demonstrationis
684 1934 815 2005 ratione,
829 1955 868 2000 ac
887 1934 1038 2000 methodo
1058 1933 1228 2022 disputare
1246 1933 1369 2022 incipit“

180 2035 308 2118 Quibus
324 2033 493 2099 Fabricius
508 2035 778 2124 respondettalli
792 2035 976 2115 Nourrium,
994 2060 1093 2122 quum
1107 2037 1141 2102 id
1155 2037 1197 2104 de
1211 2041 1318 2104 octavo
1326 2034 1369 2099 hoc

179 2137 259 2203 libro
275 2136 422 2222 accipiat,
445 2137 530 2222 quod
546 2137 684 2204 Photius
700 2139 740 2204 de
755 2141 828 2204 toto
844 2139 1045 2204 stromatum
1064 2162 1161 2228 opere
1184 2137 1369 2228 scripserit).

178 2240 224 2305 Et
238 2239 298 2304 hoc
311 2237 440 2324 quidem
455 2235 552 2304 recte.
580 2239 663 2304 Nam
680 2241 789 2306 Photii
804 2240 917 2306 verba:
933 2244 1011 2328 αὕτη
1028 2245 1063 2308 δὲ
1078 2248 1172 2328 ἡτῶν
1187 2239 1368 2330 rep-,roeo

179 2344 299 2430 βίβλος,
323 2341 365 2404 ad
382 2345 488 2406 totum
513 2341 716 2407 Stromatum
734 2365 819 2430 opus
840 2345 986 2429 spectare
1005 2339 1303 2412 manifestissimum
1320 2342 1367 2414 esl;

178 2463 282 2528 neque
297 2443 452 2507 vertenda
468 2447 562 2520 sunt3
593 2443 839 2520 Stromatum
860 2447 990 2510 autern
1012 2445 1115 2514 liber
1135 2444 1216 2526 bio,
1239 2445 1317 2534 quod
1333 2443 1370 2508 esl

177 2545 294 2612 falsum
310 2543 380 2608 sine
395 2544 630 2622 contrauersim
647 2546 704 2610 sed
718 2545 887 2613 hisrvcrbis
899 2547 1062 2612 reddenda
1076 2551 1172 2614 sunt:
1187 2551 1274 2638 ipse
1284 2549 1368 2614 auten

99 2669 109 2682 ·
178 2647 380 2714 Stromatum
394 2645 486 2724 liber,
504 2647 555 2712 vel
568 2645 694 2734 potius,
716 2646 805 2734 ipsa
826 2653 935 2716 autem
951 2649 1153 2735 stromatum
1169 2652 1309 2740 scriptio,
1324 2648 1367 2713 ie·

41 2761 46 2776 ‘
176 2751 283 2816 toturn
299 2769 391 2836 opus.
435 2739 518 2814 Nam
534 2771 633 2834 quum
653 2753 688 2814 et
702 2752 915 2836 grammatica
929 2751 989 2818 hoc
1003 2753 1162 2840 postulet,-
1181 2759 1218 2820 et
1230 2751 1330 2822 photii
1341 2747 1366 2812 de

175 2853 277 2918 totius
293 2851 399 2938 operis
415 2855 607 2938 argumento
617 2851 782 2931 iudicium,
797 2855 883 2940 quod
898 2855 938 2921 do
953 2854 1158 2942 Protreptico
1169 2857 1257 2924 etde
1267 2839 1364 2922 Pala

174 2975 260 3040 gogo
275 2953 737 3040 uon'recnsavit,requiratur,
753 2955 831 3020 nihil
847 2956 942 3044 plane
953 2957 1155 3043 relinquitur,
1172 2959 1260 3046 quod
1270 2951 1367 3024 subla
1402 2943 1403 2946 ¹

174 3053 308 3123 licetur:
336 3055 403 3123 Sed
418 3055 545 3122 etiamsi
556 3055 694 3122 Photius
711 3057 791 3122 illud
801 3059 842 3124 de
852 3059 935 3126 libro
944 3064 1059 3126 octavo
1072 3061 1268 3148 scripsisset,
1283 3065 1367 3125 uno

175 3157 255 3226 nihil
269 3161 383 3246 contra
392 3159 620 3224 auctoritatem
631 3159 816 3248 fragmenti,
831 3160 871 3226 de
881 3181 945 3248 quo
955 3161 1095 3246 aginam,
1106 3162 1182 3230 iude
1193 3163 1367 3250 sequeretur,

175 3260 262 3348 quod
277 3261 406 3347 quidem
420 3262 640 3348 fragmentum
651 3265 792 3342 tantum,
807 3285 867 3328 neo
876 3252 952 3330 vero
963 3263 1045 3330 liber
1054 3269 1105 3331 est
1115 3265 1256 3354 integer.
1275 3264 1368 3344 Inque

174 3363 272 3429 etiam
287 3361 397 3428 Photii
412 3363 634 3429 testimonium
656 3363 773 3430 stabile
788 3369 899 3432 manet
917 3387 956 3432 ao
970 3387 1087 3452 grava
1108 3371 1148 3434 ut
1166 3367 1254 3455 quod
1266 3363 1368 3432 staur

173 3465 282 3532 codice
296 3465 361 3530 iam
376 3468 447 3530 tum
467 3465 623 3552 temporis
650 3469 792 3560 vetusto.
837 3465 927 3548 Quid
946 3467 1067 3555 igitur?
1093 3469 1209 3537 Nonne
1228 3471 1368 3554 fragmen·

173 3572 254 3648 tum,
266 3567 454 3634 testimonio
469 3571 602 3634 externo
616 3567 799 3656 probatum,
820 3568 918 3635 nullis
934 3574 1043 3638 autem
1058 3595 1099 3640 ex
1120 3573 1193 3662 ipso
1207 3565 1366 3642 renombu

172 3673 285 3738 contra
300 3669 527 3736 auctoritatem
541 3669 645 3758 ipsius
661 3671 895 3760 pugnantibus,
917 3670 1297 3762 verum‘agnoscendum?
1333 3660 1368 3730 El

172 3771 362 3860 sicquidem
379 3775 625 3858 argumentatus
636 3771 820 3840 Moehlerus
831 3773 911 3841 illud
922 3775 1066 3862 agnovit,
1078 3797 1272 3864 quamquam
1283 3782 1367 3852 neque

88 3883 92 3900 ¹
171 3875 303 3944 tertiam
318 3874 501 3963 reiectionis
516 3897 648 3942 causam
662 3897 683 3940 a
696 3875 790 3942 nobis
804 3871 982 3944 refutatam
996 3880 1168 3968 reprobat,
1189 3897 1292 3964 neque
1303 3862 1367 3938 illud

169 3976 279 4046 Photii
294 3977 456 4046 obiectum
470 3979 510 4046 de
522 3977 693 4056 erroribus,
715 3978 801 4063 quod
819 3979 861 4044 ad
874 3984 984 4046 totum
1006 3981 1126 4050 Strcm.
1145 4003 1229 4070 opus
1248 3969 1367 4067 spectat,

170 4081 329 4168 quomodo
350 4081 395 4147 sit
410 4081 647 4171 accipiendum,
667 4079 870 4170 intelligit2).
914 4082 1090 4149 Praeterea
1109 4083 1219 4150 autem
1238 4076 1309 4146 libri
1325 4091 1366 4138 οῦ·

168 4182 238 4251 tavi
265 4182 362 4250 finem
390 4184 610 4274 propositum,
640 4183 727 4272 quod
747 4183 781 4250 in
800 4199 908 4251 amore
928 4183 1175 4274 philosophandi
1203 4183 1367 4264 artiumqut

169 4285 297 4354 omuino
317 4285 497 4354 liberalium
513 4283 613 4354 studii
633 4285 742 4377 pouit,
764 4286 849 4354 haud
867 4286 948 4356 satis
966 4287 1140 4378 perspicit,
1166 4286 1233 4356 imo
1251 4294 1366 4376 prorsal

223 4543 232 4577 1

218 4543 247 4698 'i
262 4543 358 4687 isbal.
371 4645 395 4700 p.
407 4627 470 4704 tlt.

70 4941 209 4994 A—
