2972 5048
656 303 858 404 Δ...

154 489 253 558 etiam
267 487 446 556 Medioeus.
491 487 619 574 Quodsi
632 513 673 558 ne
692 513 777 558 unus
798 487 927 578 quidem
948 487 1070 557 Strom.
1089 489 1191 558 codex
1209 484 1367 578 probatae
1468 437 1469 452 l

26 603 32 616 ‘
152 592 270 658 aetatis
285 591 414 679 integer
427 591 469 658 ad
483 615 542 658 nos
556 594 715 680 pervenit,
731 594 809 681 quid
822 592 920 672 absit,
936 595 975 660 ut
988 613 1065 660 vera
1077 591 1198 682 ubique
1213 588 1366 658 Clemen-
1469 582 1470 600 ¹

153 693 198 760 tis
213 693 313 760 verba
326 693 421 760 facile
434 695 663 779 restituantur,
677 696 713 762 in
726 699 879 786 promptu
893 715 966 761 esse
985 694 1124 764 videtur.
1166 693 1235 762 Neo
1253 697 1367 762 &meu
1469 715 1470 718 ’

149 797 184 862 in
205 795 354 862 omnibns
369 796 606 885 desperandum
620 819 692 865 esse
706 799 792 864 inira
805 795 984 886 apparebit.

169 950 172 958 ,
217 894 461 964 cohortationis
476 901 585 966 autem
601 900 702 966 codex
717 901 938 968 Bibliothecae
956 899 1038 985 Reg.
1060 895 1135 964 Par.
1151 893 1288 977 00121,
1309 899 1368 986 qni

150 998 412 1068 membranaceus
428 1021 512 1067 anno
527 1004 591 1067 914
605 1025 703 1070 manu
722 1003 862 1081 Baanis,
881 1001 1000 1068 notarii
1020 1000 1166 1067 Arethae
1185 998 1368 1069 Caesareae
1470 1061 1471 1064 ,

154 1099 412 1190 Arcbiepiseopi
428 1106 582 1170 maratus
597 1107 659 1183 est,
681 1105 750 1171 sine
764 1105 831 1172 ulle
844 1103 1065 1172 conhoversia
1083 1103 1227 1190 optimus
1246 1105 1282 1169 et
1298 1103 1368 1170 fere

157 1203 273 1272 unicus
288 1206 349 1270 est.
392 1203 475 1272 Nam
491 1205 573 1272 alter
586 1206 641 1272 ille
659 1206 801 1273 Parisini
820 1208 861 1274 R.
876 1207 915 1273 R.
936 1205 975 1271 P.
991 1205 1029 1270 P.
1047 1203 1166 1272 Societ.
1186 1204 1271 1273 Jesu
1286 1203 1367 1273 001-

150 1304 238 1392 legii,
253 1308 292 1372 ut
305 1305 494 1374 chartaceus
510 1311 545 1374 et
558 1333 673 1376 manus
685 1308 873 1376 recentioris
888 1329 928 1374 ex
940 1307 1000 1375 hoo
1009 1308 1117 1375 nescm
1128 1329 1170 1373 an
1180 1307 1367 1396 descriptus

154 1405 208 1474 sit.
253 1406 337 1474 Tum
354 1409 438 1476 enim
453 1411 620 1499 temporis,
637 1413 665 1492 si
679 1413 762 1480 alter
776 1407 857 1478 Ood.
873 1410 1036 1497 antiquior
1046 1409 1241 1488 exstitisset
1255 1403 1289 1476 is'
1298 1433 1367 1477 non

19 1565 34 1592 ,
153 1509 343 1590 omfmile,
369 1535 411 1579 ne
431 1514 596 1581 levissimo
621 1515 750 1601 quidem
775 1513 915 1601 vestigio
938 1513 1067 1590 relicto,
1093 1511 1241 1620 perditus
1265 1515 1366 1579 esset.

154 1611 260 1694 Quem
279 1617 389 1682 autem
403 1613 560 1682 Potterus
576 1618 720 1696 vidite,
723 1617 831 1696 ‚Novi
852 1616 943 1717 apud
959 1607 1210 1682 Oxoniens'e's
1226 1607 1367 1703 Collegii

153 1713 391 1795 Bibliothecae
405 1739 479 1784 eum
493 1741 566 1784 esse
580 1719 732 1798 eundem,
753 1723 851 1806 atque
871 1695 1149 1786 membranaceum
1168 1718 1245 1784 noni
1265 1717 1367 1786 seculi

149 1815 240 1884 illum
255 1817 337 1902 Reg.
348 1819 445 1897 Bibl,
460 1820 667 1886 manifestum
684 1825 746 1887 est.
767 1822 917 1910 Namque
928 1822 982 1888 rlle
997 1822 1126 1908 quidem
1137 1817 1219 1886 Nov.
1235 1823 1367 1908 praeter

18 1945 21 1952 ·
152 1916 419 1988 Cohortationem
448 1899 679 2011 Paed'agogirm
713 1946 841 2010 quoque
876 1924 1016 1991 exhibet.
1073 1920 1367 2002 „cohortationem

152 2023 418 2111 manuscriptam,
440 2025 488 2092 ait
503 2025 674 2104 Potterus‚
695 2049 761 2092 una
775 2049 848 2094 cum
867 2027 993 2092 duobus
1019 2021 1248 2112 Paedagogi
1273 2019 1365 2092 libris

150 2125 402 2212 posterioribus,
432 2127 667 2215 'eorundemque
703 2130 866 2196 nonnullis
902 2129 1111 2215 fragmentis,
1142 2125 1365 2216 suppeditavit
1473 2126 1474 2150 ¹

149 2225 618 2317 NovispusOxoniensss
635 2229 1025 2318 concessissemus
1047 2227 1363 2316 aquimetensis
1473 2199 1474 2270 i

150 2328 229 2396 item
245 2330 477 2452 Paedagogpm
492 2333 729 2422 complectitur,
746 2337 781 2400 et
796 2334 881 2420 quod
896 2334 943 2400 rei
957 2337 1056 2422 caput
1041 2336 1128 2410 t,est
1143 2334 1256 2398 eodem
1269 2325 1367 2397 modo
1473 2361 1474 2366 ¹

152 2431 312 2500 mutilum.
334 2433 375 2500 In
390 2435 482 2502 cuiue
500 2435 717 2525 descriptione
731 2435 901 2524 catalogus
915 2437 995 2504 haec
1009 2435 1108 2502 verba
1121 2433 1258 2511 habet:,
1261 2429 1367 2511 ‚Libri

150 2534 246 2622 primr
236 2519 372 2604 decem
376 2537 495 2655 'capita
509 2538 618 2626 priora
632 2542 668 2605 et
680 2538 840 2605 undecimi
855 2538 985 2606 initium
1000 2537 1258 2604 desideranturf‘
1290 2535 1367 2603 Hoc

150 2639 216 2704 est.
240 2635 322 2704 liber
335 2640 459 2728 primus
473 2663 585 2730 paene
591 2645 695 2722 totus,
710 2645 869 2730 praeter,
872 2619 1044 2726 ,nonnulla
1055 2641 1277 2727 fragmentaf‘
1300 2639 1366 2705 dno

149 2741 259 2828 capita
273 2743 308 2806 et
321 2742 412 2808 tertii
426 2747 563 2832 partem,
576 2745 788 2811 desideratur.
832 2745 943 2831 Eque
958 2741 1167 2810 similitudine
1169 2741 1367 2827 ,utriusque
1427 2773 1432 2784 =
1474 2737 1475 2746 ’

151 2842 377 2930 cognationem
392 2867 464 2912 esse
480 2846 698 2925 statuendam,
714 2848 792 2914 mihi
807 2847 936 2935 quidem
951 2849 1040 2912 certo
1055 2846 1164 2932 colligi
1178 2839 1317 2912 videtur.

190 2945 304 3012 Idem
318 2969 394 3014 vero
410 2945 533 3026 Codex,
548 2949 622 3015 nisi
626 2951 756 3037 egregie
766 2951 870 3034 fallor,
888 2951 986 3035 eham
1000 2969 1085 3014 unus
1100 2950 1223 3037 optime
1237 2943 1365 3013 Paedo-

149 3061 271 3134 gogum
297 3051 421 3127 servat3
445 3027 639 3138 quamquam
664 3053 738 3120 libri
763 3053 858 3142 primi
887 3073 991 3140 pauca
1015 3045 1145 3117 tantum
1170 3045 1369 3136 fragmenta:

149 3147 244 3216 Duos
275 3150 402 3238 quidem
436 3150 572 3222 Codices
602 3155 758 3230 Potterus
788 3155 946 3242 inspexit3
981 3151 1102 3231 „trium
1134 3149 1366 3237 Paedagogi

148 3249 304 3318 librorum
319 3253 471 3334 codicem,
486 3255 602 3342 inquit,
617 3281 717 3351 unum
733 3257 870 3336 Bodleii‚
886 3259 921 3322 et
934 3255 1038 3323 huic
1029 3279 1068 3320 ιιι
1083 3249 1265 3322 omnibus
1280 3253 1366 3318 iere
1425 3318 1431 3329 ,

146 3355 383 3422 concordem
405 3357 543 3424 alterum
562 3338 714 3446 praebuit
738 3371 842 3448 angus
844 3359 963 3427 tissimi
983 3357 1084 3444 Regis
1110 3355 1214 3423 nostri
1239 3353 1364 3422 Biblio-

152 3449 293 3527 theca.“·
325 3459 366 3526 In
392 3483 528 3546 quorum
553 3462 722 3528 concordia
748 3483 874 3528 summa
899 3481 1030 3528 causam
1055 3479 1214 3547 agnosco,
1239 3479 1297 3524 our
1321 3459 1365 3526 ad

150 3560 288 3628 eundem
303 3563 368 3630 duo
381 3563 428 3630 illi
444 3564 512 3630 sint
524 3563 693 3630 referendi.
722 3564 804 3631 sed
825 3585 923 3650 quum
941 3559 1089 3630 neutrius
1110 3563 1295 3628 accuratam
1314 3555 1364 3625 'vi-

150 3661 252 3730 derim
267 3663 532 3766 descriptionem,
558 3668 669 3732 utrum
702 3687 776 3732 cum
801 3667 958 3733 alterutro
990 3661 1169 3732 Parisiensi
1193 3659 1367 3730 chartaceo

149 3745 364 3846 consentiant,
385 3791 445 3836 nec
458 3792 515 3847 ne,
536 3769 642 3835 dicere
660 3791 794 3854 nequeo.
839 3770 998 3835 Attamen
1018 3771 1152 3856 propter
1167 3765 1364 3884 antiquissi-

148 3891 274 3936 morum
291 3868 534 3938 Cohortationis
549 3873 584 3936 et
596 3869 783 3958 Paedagogi
804 3871 949 3938 codicum
964 3869 1092 3936 illorum
1106 3865 1362 3946 consensionem

102 4041 107 4052 ,
148 3993 258 4039 omnes
279 3971 457 4040 Clementis
477 3973 532 4038 Al
552 3993 684 4060 operum
705 3975 830 4042 codices
854 3995 949 4052 mss,
944 3971 1064 4059 qdi
1055 3995 1087 4036 ιιι
1114 3969 1286 4039 Britannia
1309 3977 1363 4038 re*-

146 4075 324 4161 periantur,
341 4098 413 4141 oum
428 4074 666 4142 Parisiensibus
682 4077 760 4143 ut
734 4099 820 4144 rrvos
841 4098 914 4145 cum
935 4076 1081 4143 ionfibus
1101 4077 1257 4161 cognatos
1278 4095 1362 4177 esse,

147 4176 264 4265 aliquis
279 4176 364 4244 forte
379 4176 564 4266 anapestus
579 4178 686 4246 luerit.
1311 4197 1315 4202 ·

74 4297 84 4304 ‘
211 4279 279 4348 Sed
294 4280 579 4368 quomodocunque
593 4282 673 4350 haec
688 4303 724 4364 se
736 4281 867 4360 babent,
882 4301 1039 4347 summam
1051 4275 1237 4366 gravissimi
1225 4276 1362 4344 'auoto-

146 4381 193 4448 ris
209 4382 353 4448 ocdioum
369 4382 474 4450 adhuc
489 4406 560 4452 esse
574 4385 836 4474 inopiam,nemo
852 4383 924 4465 erit,
946 4383 1024 4468 quin
1040 4381 1159 4448 videat.
1192 4378 1270 4446 ‘Neo
1284 4401 1363 4446 vero

147 4483 210 4557 boo
223 4483 327 4553 solum
341 4485 512 4554 dolendum
527 4490 589 4566 est,
611 4510 722 4554 verum
743 4486 841 4552 etiam
861 4485 957 4563 illud,
978 4485 1064 4570 quod
1083 4503 1188 4568 neque
1207 4481 1362 4569 perpauci

148 4585 276 4674 quidem
288 4591 455 4658 exstantes
472 4590 553 4658 satis
568 4589 706 4679 inspecti
720 4587 786 4655 sint
801 4591 899 4678 atque
913 4586 1031 4654 collati.
1069 4585 1219 4672 Plerique
1233 4586 1360 4654 veteres
