2820 5052
651 309 855 410 Asa„
998 325 1003 352 ⁸

128 562 130 568 .
153 522 313 569 consensu
327 497 446 586 dignus
460 493 579 586 patria,
594 493 629 562 in
643 519 740 584 quam
759 517 832 564 cum
854 492 979 562 coronis
998 493 1242 585 praeconiisque
1261 513 1366 580 angs-

146 603 218 671 licis
233 599 432 688 ascendit1).
479 597 689 664 Disseramns
705 585 793 686 ergo,
809 595 1081 680 Deoadiurante,
1097 595 1137 664 de
1152 617 1210 686 spe
1225 594 1366 662 divitum

146 705 220 793 ipss
234 706 269 772 et
283 705 323 770 de
338 703 396 780 eis,
413 721 495 788 quae
511 697 552 766 ad
567 721 658 788 spem
678 703 872 768 conducunt
916 699 962 768 Et
981 699 1120 788 primum
1141 698 1271 786 quidem
1291 697 1367 786 ipsa

147 805 331 878 servatoris
356 802 455 871 verba
479 799 659 869 audiamus.
710 801 780 882 „Et
804 826 903 912 quum
928 786 1033 872 exiret
1055 801 1090 871 in
1114 801 1201 870 viam
1223 803 1365 888 acam).

148 907 242 993 Quae
262 905 408 995 narratio
430 905 467 970 in
490 903 640 972 omnibus
665 900 934 994 Evangfeadem
954 905 1103 984 habetur,
1128 904 1163 972 in
1183 926 1259 992 qua,
1281 925 1367 990 quae

92 1083 93 1086 ,
146 1011 235 1080 dicta
256 1013 344 1088 sunt,
365 1030 405 1076 ne
427 1009 575 1094 eupator
594 1007 829 1096 intelligantur,
850 1010 909 1076 sed
929 1009 1087 1101 latentem
1106 1007 1142 1074 in
1161 1005 1209 1073 eis
1231 1027 1366 1072 sensum

79 1174 82 1181 .
146 1111 246 1200 digna
260 1109 510 1198 investigatione
525 1110 707 1197 mentisque
721 1112 869 1178 acumine
882 1111 1106 1202 perquiramus
1121 1111 1262 1198 oportet.

210 1213 407 1302 Opportuna
422 1211 492 1280 siue
506 1211 605 1278 dubio
620 1214 768 1301 quaestio
783 1213 925 1280 Domino
940 1213 1050 1283 oblata
1062 1215 1115 1296 est
1126 1211 1165 1278 de
1176 1211 1364 1289 vitaVitae,

148 1314 315 1384 Servatori
341 1316 381 1382 de
410 1315 527 1392 salute,
553 1313 715 1401 Magistro
740 1339 778 1384 ac
803 1317 943 1384 Ductori
967 1314 1136 1404 decapite
1161 1313 1361 1401 dogmatum,

149 1418 290 1502 veritati
305 1417 349 1492 de¹
361 1439 442 1486 sera
459 1417 715 1496 immortalitate,
739 1419 847 1488 Verbo
866 1419 906 1486 de
926 1422 1062 1509 paterno
1083 1417 1191 1495 verbo,
1212 1415 1363 1482 Perfecto

132 1512 186 1586 ¹de
207 1519 353 1608 perfecta
371 1518 491 1609 requie.
534 1518 575 1584 ld
594 1521 761 1610 quaeritur
780 1544 820 1588 ex
839 1543 888 1600 eo,
909 1522 1001 1591 cuius
1021 1543 1120 1588 causa
1140 1518 1364 1594 descenderat,

146 1621 318 1710 Evangelii
333 1622 673 1712 argumentum„qood
688 1623 830 1712 positum
845 1627 897 1690 est
909 1624 943 1690 in
954 1624 1023 1690 vita
1034 1627 1166 1704 aeterna
1177 1620 1364 1688 tribuenda.

147 1724 214 1792 Sed
228 1724 392 1812 Propheta
407 1723 638 1812 prophetarum
653 1727 821 1816 omnisque
842 1725 1022 1816 prophetici
1042 1723 1177 1815 spiritus
1197 1721 1364 1811 Dominus

146 1827 329 1916 praesensit
343 1830 378 1894 et
392 1825 679 1912 interrogationem
694 1832 728 1894 et
741 1851 943 1917 responsum.
966 1829 1112 1897 Vocatus
1123 1829 1233 1892 autem
1244 1823 1363 1901 bonus,

146 1929 296 2018 discipuli
311 1929 454 1996 animum
467 1928 626 2000 inDeum
641 1929 761 1998 bonum
783 1934 960 2010 convertit,
974 1931 1177 2020 primumque
1197 1950 1236 1995 ac
1256 1926 1364 1994 solum

140 2033 233 2098 ‚vitae
253 2034 404 2098 aeternae
429 2023 655 2121 praebitorem,
682 2057 779 2124 quam
800 2033 841 2100 ab
862 2057 900 2102 eo
919 2037 1088 2122 acceptam
1114 2031 1208 2098 nobis
1235 2029 1363 2096 confert

145 2135 243 2202 lilius.
287 2135 343 2200 Ad
364 2135 460 2202 deum
480 2138 647 2201 aeternum
667 2137 766 2223 erigit
786 2136 1017 2225 discipulorum
1037 2135 1171 2210 animos,
1192 2133 1234 2198 ad
1254 2134 1361 2196 aeter-

68 2255 76 2290 ¹
135 2261 259 2306 norum
272 2237 471 2325 largitorem,
487 2238 636 2326 primum,
653 2260 849 2326 supremum,
864 2261 977 2321 unum,
999 2238 1120 2306 bonum
1139 2230 1245 2314 deum,
1269 2234 1361 2299 cuius

143 2341 307 2427 ignoratio
321 2361 418 2418 mors,
439 2339 583 2427 cognitio
602 2343 712 2432 autem
732 2363 805 2407 cum
823 2340 1055 2421 familiaritate,
1077 2339 1223 2414 caritate,
1245 2335 1361 2406 simili-

17 2511 26 2538 ,Χ
90 2481 97 2498 ›
145 2443 273 2523 tudine:
297 2442 366 2508 sola
391 2441 524 2510 exsistit
549 2441 626 2511 vita.
675 2441 775 2510 Hunc
800 2465 878 2530 ergo
904 2443 1043 2532 primum
1064 2460 1243 2530 agnoscere
1270 2438 1363 2504 iubet

145 2567 230 2623 eum,
258 2544 314 2634 qui
329 2543 430 2612 vitam
450 2543 531 2608 velit
554 2565 650 2630 agere
675 2567 795 2614 veram.
838 2547 922 2612 Tum
948 2567 1024 2612 vero
1049 2544 1113 2612 erit
1137 2542 1361 2630 cognoscenda

144 2646 329 2716 Ser'vatoris
344 2644 535 2732 magnitudo
549 2669 697 2737 novaque
711 2647 829 2735 gratia,
844 2651 1015 2746 praestans
1030 2646 1126 2734 Legi.
1149 2643 1360 2734 Quapropter

144 2749 283 2828 iuvenis,
298 2747 445 2838 quamvis
460 2769 501 2816 ex
515 2748 606 2836 Lege
620 2748 728 2816 iustus
749 2750 903 2840 perfecte,
923 2750 1051 2842 quaerit
1069 2771 1186 2816 novam
1206 2748 1356 2834 gratiam,

143 2875 208 2944 qua
222 2851 323 2918 vitam
337 2851 495 2942 acquirat,
511 2855 546 2918 et
563 2852 637 2920 iure
645 2851 773 2942 quidem
784 2876 825 2920 ex
835 2877 883 2934 eo,
896 2853 952 2944 qui
963 2851 1051 2920 solus
1063 2874 1133 2920 eam
1147 2851 1354 2939 potestdnre.

23 2957 25 2962 ’
143 2955 197 3022 Ex
210 2953 274 3022 fide
287 2954 389 3042 igitur
403 2955 439 3020 in
451 2954 548 3022 fidem
562 2955 766 3024 transfertur.
794 2956 844 3022 Ut
857 2957 983 3022 iustum
995 2975 1073 3042 ergo
1087 2976 1129 3020 ex
1143 2953 1234 3040 Lege
1249 2951 1358 3040 diligit

53 3107 58 3118 ι
142 3079 216 3126 eum
230 3057 392 3124 Dominus
408 3061 444 3125 ct
457 3058 678 3146 amplectitur3
702 3058 759 3124 sed
774 3059 860 3148 quod
874 3059 1031 3126 advitam
1045 3060 1211 3124 aeternam
1226 3056 1358 3134 attinet,

141 3160 477 3248 nondumperfectum
491 3183 564 3228 eum
578 3159 782 3249 pronunciat,
797 3159 899 3248 Legis
915 3161 1045 3251 quidem
1058 3157 1253 3248 operarium,
1277 3161 1314 3224 at
1326 3157 1358 3222 in

142 3264 230 3332 uitae
254 3267 404 3330 aeternae
426 3267 523 3330 rebus
549 3267 743 3330 cessantem.
795 3263 890 3330 Bona
914 3261 1004 3341 Lex,
1034 3261 1252 3350 Paedagogus'
1286 3283 1357 3328 cum

142 3365 257 3446 timore
272 3364 392 3431 ducens
407 3363 449 3428 ad
462 3362 641 3444 Christum,
658 3367 714 3432 sed
728 3365 896 3454 plenitudo
910 3364 1011 3452 Legis
1026 3364 1098 3453 ipse
1110 3361 1277 3444 Christus,
1293 3386 1356 3430 non

142 3468 200 3555 qui
213 3471 253 3536 ut
272 3489 385 3534 servus
407 3488 517 3532 servos
537 3468 646 3547 faciat,
667 3468 811 3558 quinimo
830 3471 865 3536 et
888 3467 972 3534 filios
993 3469 1028 3535 et
1046 3467 1164 3534 fratres
1186 3469 1221 3533 et
1240 3466 1355 3534 cohae-

140 3571 251 3650 redes,
271 3568 381 3638 Patris
396 3568 596 3637 voluntatem
610 3570 766 3640 facientes
781 3561 936 3660 praestet.
980 3569 1265 3653 Quamobcausam
1281 3567 1356 3637 Ser·

142 3677 254 3742 vator:
277 3671 320 3742 Si
335 3671 411 3750 vis,
433 3672 551 3759 inquit,
566 3671 773 3762 perfectus
793 3695 892 3746 esse.
935 3671 1087 3741 Nondum
1100 3693 1179 3762 ergo
1193 3673 1354 3763 eratper·

140 3776 255 3844 lectus.
298 3760 468 3842 Praeclare
487 3775 582 3840 illud:
607 3776 649 3844 Si
675 3777 751 3854 vis,
774 3775 919 3844 ostendit
942 3775 1079 3846 liberum
1104 3775 1243 3844 hominis
1268 3775 1355 3844 arbi·

42 3909 48 3922 r
115 3878 250 3950 trium.
295 3875 389 3944 Deus
414 3899 452 3944 ae
471 3875 634 3946 Dominus
660 3881 769 3944 autem
795 3879 857 3956 <lat
877 3879 1072 3960 volentibus,
1097 3883 1137 3946 ut
1160 3879 1221 3961 fiat
1245 3899 1353 3946 eorum

139 3979 233 4066 quasi
249 3979 379 4068 propria
395 3980 494 4047 salus.
537 3981 630 4048 Deus
644 4004 710 4048 non
724 3981 824 4070 cogit
841 4019 846 4032 ι
871 3981 998 4052 Unum
1017 3982 1095 4050 tibi
1115 3981 1246 4062 deest,
1270 3979 1353 4068 quod

131 4080 211 4148 'Lex
226 4103 290 4148 non
304 4082 372 4162 dat,
387 4107 453 4150 non
467 4083 565 4173 capit.
589 4083 656 4166 Qui
669 4105 746 4151 vero
760 4107 780 4150 a
795 4107 830 4152 se
844 4087 949 4153 totam
962 4085 1092 4174 Legemx
1100 4083 1270 4174 impletam
1284 4103 1353 4150 esse

138 4181 297 4272 gloriatus
312 4189 374 4264 est,
389 4185 450 4254 hoc
463 4185 564 4254 unum
580 4186 763 4254 Servatoris
785 4185 949 4275 singulare
968 4211 1033 4256 nou
1053 4191 1227 4280 praestans
1247 4187 1351 4256 tristis

138 4286 234 4356 abiit
274 4286 328 4354 De
341 4289 455 4370 multis
476 4289 644 4368 sollicitus,
660 4313 760 4358 unum
775 4289 865 4370 illud,
881 4291 997 4360 salutis
1012 4315 1094 4383 opus
1115 4291 1269 4385 perficere
1289 4309 1349 4358 nou

137 4432 341 4458 a--n--u-

193 4531 202 4566 ¹
332 4553 364 4566 ,
420 4563 428 4578 ‚
1036 4555 1047 4578 2

194 4529 220 4688 ’Ξ
236 4527 356 4686 &litim
365 4523 480 4711 iliram
491 4617 525 4672 ds
535 4613 694 4682 adolescente
706 4618 784 4674 &nte
794 4618 822 4674 in
832 4617 973 4704 Evangelio
983 4633 1034 4676 sao·
1045 4620 1129 4677 Mera·
1141 4621 1179 4678 X·
1192 4621 1292 4692 illlat-
1339 4651 1343 4659 ’
