2972 5048
672 295 875 398 *34-

173 479 374 567 quorundam
388 481 536 561 Petrum,
559 503 645 552 anno
661 479 857 552 Christi...
875 483 941 552 914
955 481 1120 572 descripta
1139 483 1227 558 sunt.
1269 481 1389 550 Poste·

145 671 152 684 ¹
171 585 288 652 riorem
303 607 378 652 sero
393 607 435 652 ex
447 583 588 650 Parisini
608 585 647 651 R.
662 585 702 650 R.
725 585 764 654 P.
775 585 815 652 Ρ.
831 585 1006 654 Societatis
1026 584 1110 653 Jesu
1130 584 1258 672 collegii
1272 585 1390 654 biblio·

171 688 266 754 theca
280 687 321 754 R.
338 687 376 752 Ρ.
391 687 582 754 Harduinus
596 708 656 776 pro
670 710 758 755 more
773 711 832 756 suc
859 688 1028 756 nobiscum
1047 709 1203 778 perquam
1222 687 1392 756 humanis-

173 790 253 856 sime
268 785 526 856 communicavit.
569 789 604 856 Is
619 813 714 880 porro
724 791 816 870 liber,
845 791 880 858 iu
894 789 1008 858 charta
1021 811 1204 878 papyracea
1223 795 1392 874 exaratus,
1432 837 1436 846 ι

172 891 360 959 recentioris
376 891 505 976 quidem
520 893 572 958 est
586 915 719 960 manus:
736 894 810 973 ,sed
824 893 934 983 plures
948 892 984 958 in
997 885 1052 972 eo,
1073 891 1342 979 quemadmodum
1358 893 1394 960 iu

175 992 332 1083 superiori
352 993 461 1060 variae
480 993 674 1060 exhibentur
692 994 859 1074 lectiones,
883 1017 964 1082 quas
985 993 1173 1081 aliquando,
1198 1017 1299 1080 quum
1319 1015 1395 1062 sese

173 1095 300 1164 occasio
316 1094 455 1175 dederit,
485 1119 544 1184 per
558 1118 628 1174 nos,
644 1095 695 1164 vel
710 1119 769 1186 per
783 1097 913 1184 alios,¹)
936 1097 992 1184 qui
1006 1096 1195 1164 recudendis
1212 1092 1395 1164 Clementis

175 1197 279 1264 nostri
291 1197 616 1264 commentationibus
628 1220 758 1286 operam
769 1223 888 1268 navare
900 1199 1071 1278 voluerint,
1083 1198 1204 1288 publici
1218 1196 1298 1264 iuris
1315 1195 1396 1265 laci-

61 1362 68 1374 ,
174 1323 276 1366 emus.
305 1299 345 1364 In
359 1299 530 1386 utriusque
544 1299 644 1368 etiam
659 1304 871 1392 manuscripti
886 1303 1006 1372 codicis
1021 1301 1222 1388 marginibus
1234 1302 1396 1391 quaedam

120 1446 123 1454 ι
149 1419 153 1422 ·
174 1403 216 1468 ad
231 1399 417 1468 obscuriora
432 1399 628 1470 Clementini
648 1409 760 1472 textus
785 1405 856 1472 loca
876 1405 1018 1496 breviter
1031 1385 1228 1492 'explicanda
1248 1403 1408 1480 adiectae¹
1460 1447 1461 1534 q

176 1509 255 1571 suut
272 1505 414 1583 notulae,
437 1526 478 1570 ex
495 1505 613 1592 quibus
627 1508 785 1595 plurimae
805 1508 847 1573 ad
862 1505 982 1575 calcem
997 1507 1143 1595 Operum
1158 1507 1301 1574 eiusdem
1317 1503 1397 1574 Ole-
1461 1553 1462 1614 q

176 1607 294 1674 mentis
312 1606 427 1684 nostri,
450 1629 470 1672 a
486 1605 650 1675 Gentiano
665 1610 811 1676 Herveto
827 1631 1029 1688 excusorum,
1044 1609 1150 1674 editae
1166 1613 1252 1678 sunt.
1295 1611 1345 1675 At
1368 1611 1396 1676 si
1462 1658 1463 1704 q

177 1710 255 1798 quid
268 1710 303 1774 in
316 1709 381 1774 illis
396 1709 675 1778 animadversione
689 1713 823 1798 dignum
839 1711 953 1790 fuerit,
981 1711 1016 1778 id
1032 1711 1100 1778 suis
1116 1709 1299 1798 quibusque
1315 1711 1396 1778 locis
1461 1741 1464 1822 q

176 1811 304 1878 anobis
318 1811 402 1876 infra
413 1795 694 1899 annotabituilffl).
724 1811 778 1880 De
793 1813 981 1901 Paedagogi
996 1815 1104 1880 autem
1120 1813 1210 1879 codd.
1225 1835 1304 1880 mss.
1315 1813 1396 1882 haec
1464 1867 1465 1942 q

30 1913 33 1922 '
147 1961 151 1966 -
178 1917 256 1981 sunt
268 1913 337 1980 eins
353 1913 468 1980 verba:
492 1913 636 1992 „Tribus
650 1915 685 1982 in
699 1911 862 1982 codicibus
878 1919 945 1982 tres
957 1915 1144 2004 Paedagogi
1154 1915 1254 1982 libros
1268 1911 1394 1984 Graeca
1465 1971 1466 2018 q

175 2039 274 2083 manu
289 2015 469 2105 descriptos
480 2016 630 2104 legimus.
677 2017 754 2086 Jam
772 2021 883 2084 autem
898 2017 1092 2094 monuimus,
1109 2019 1175 2104 qui,
1191 2018 1324 2086 cuiusve
1338 2043 1396 2106 ge·
1466 2078 1467 2110 q

151 2127 157 2142 “
176 2119 347 2186 uerissint
358 2119 422 2186 duo
436 2119 569 2208 priores,
594 2120 711 2210 quibus
730 2121 876 2211 superior
896 2141 1022 2212 quoque
1038 2117 1219 2186 Clementis
1234 2120 1337 2186 nostri
1352 2121 1395 2186 ad
1467 2182 1468 2230 q

179 2222 323 2290 Graecos
339 2221 520 2288 cohortatio
539 2222 724 2289 exhibetur:
765 2223 875 2290 sedin
897 2247 1005 2290 eorum
1032 2223 1259 2310 antiquissimo
1287 2221 1395 2289 codice
1467 2245 1468 2260 ¹

177 2327 268 2412 regio
282 2329 374 2391 totus
389 2349 492 2414 paene
507 2324 588 2391 liber
602 2327 726 2414 primus
742 2323 912 2392 mutilatus
928 2328 981 2391 est
1001 2347 1039 2392 ac
1058 2326 1123 2392 tria
1137 2327 1267 2392 tantum
1281 2323 1398 2391 ultima
1468 2285 1469 2376 l

177 2417 411 2515 illius-capita,
435 2421 545 2494 demto
564 2430 674 2494 tamen
694 2427 854 2494 undecimi
874 2425 983 2505 initio,
1013 2429 1142 2517 integra
1162 2431 1398 2494 remanserunt.
1469 2391 1470 2470 l

178 2530 310 2596 Tertius
326 2551 402 2596 vero
419 2529 535 2604 codex,
559 2552 655 2616 quem
670 2553 710 2598 ex
724 2531 815 2619 regia
828 2529 1031 2597 Bibliotheca
1045 2531 1133 2598 nacti
1149 2553 1271 2616 sumus,
1285 2551 1398 2634 receq·

178 2634 253 2712 tior,
275 2633 310 2699 in
324 2631 437 2698 charta
451 2634 580 2697 tantum
595 2655 777 2721 papyraceo
791 2633 973 2724 descriptus
986 2636 1049 2716 est,
1066 2637 1164 2720 atque
1174 2633 1258 2699 hanc
1269 2633 1398 2698 Aucto'-

179 2735 224 2802 ris
239 2735 344 2802 nostri
358 2735 672 2813 commentationem,
696 2735 831 2802 sednon
846 2737 941 2826 plane
955 2737 1128 2823 integram,
1144 2733 1285 2802 exhibet.
1314 2733 1400 2818 Qui-

179 2839 254 2904 dam
266 2837 428 2903 enimvero
440 2839 698 2904 iueooccurrunt
707 2836 827 2917 hiatus,
844 2843 879 2905 et
892 2840 926 2904 in
941 2839 1022 2905 libro
1035 2837 1255 2906 secundoliriis
1268 2839 1400 2926 septimi

179 2941 297 3030 capitis
312 2943 347 3005 et
361 2939 468 3006 octavi
482 2939 612 3006 initium
633 2941 674 3007 ab
689 2941 878 3008 amanuensi
899 2941 1030 3007 librario
1050 2941 1281 3030 praetermissa
1298 2940 1399 3020 fuere,

179 3049 278 3136 atque
301 3065 338 3109 eo
358 3041 420 3109 loci
441 3043 534 3110 albae
549 3045 706 3134 quaedam
732 3043 879 3134 pagellae
899 3043 1031 3110 relictae
1052 3045 1140 3108 sunt.
1188 3041 1286 3125 Quod
1312 3047 1400 3109 certe

179 3146 351 3213 manifesto
365 3143 459 3212 nobis
480 3149 532 3213 est
551 3147 680 3227 indicio,
703 3147 789 3218 hunc
803 3147 945 3224 codicem
960 3170 1000 3212 ex
1015 3143 1122 3234 aliquo
1138 3143 1202 3211 alio
1217 3145 1401 3232 antiquiore

182 3272 255 3316 esse
266 3247 529 3338 transscriptum,
545 3251 602 3317 ubi
615 3273 663 3330 ea,
680 3273 762 3336 quae
777 3247 928 3316 librarius
944 3249 1073 3313 intacta
1086 3246 1229 3334 reliquit,
1247 3248 1298 3314 vel
1310 3270 1400 3314 rese-

81 3366 85 3372 '
181 3357 255 3421 cata
270 3351 410 3429 inerant,
423 3353 476 3418 vel
490 3353 531 3420 ab
545 3353 601 3420 illo
615 3353 680 3440 legi
695 3375 759 3419 non
774 3356 969 3441 potuerunt..
989 3349 1020 3416 N
1021 3372 1062 3415 on
1078 3349 1177 3416 semel
1187 3349 1285 3416 etiam
1300 3349 1401 3419 libra-

180 3455 249 3522 rius
263 3453 317 3519 ille
331 3455 367 3519 in
382 3454 601 3522 describendis
617 3479 690 3522 cum
705 3458 800 3521 textu
815 3453 967 3532 auctoris,
983 3455 1054 3519 tum
1069 3453 1240 3544 praecipue
1255 3451 1401 3542 capitum

180 3556 381 3646 argumentis
401 3557 514 3648 laspus
541 3561 601 3625 est.
647 3559 713 3625 Sed
736 3558 816 3623 haec
833 3557 929 3623 solita
954 3555 1111 3628 eiusmodi
1131 3555 1273 3624 virorum
1291 3559 1402 3644 errata

45 3735 47 3747 ¹
181 3685 247 3729 non
261 3657 453 3749 impediunt,
478 3660 555 3747 quin
570 3659 679 3750 plures
697 3681 739 3724 ex
758 3658 808 3726 his
831 3658 994 3726 codicibus
1015 3659 1170 3726 collectae
1190 3659 1291 3725 sinte
1305 3655 1401 3723 nobis

180 3763 289 3831 vanae
303 3761 474 3839 lectiones,
502 3762 619 3852 quibus
636 3759 815 3828 Clementis
837 3761 941 3828 nostri
964 3741 1244 3862 textus⁸pluribus
1265 3759 1300 3824 in
1318 3757 1400 3824 locis

179 3871 268 3934 recte
288 3864 408 3950 corrigi
423 3865 546 3954 poterit
559 3868 594 3930 et
604 3865 777 3932 emendari.
806 3863 957 3950 Denique
971 3862 1085 3928 horum
1100 3864 1246 3930 codicum
1259 3861 1400 3948 margini

182 3972 324 4036 insertae
341 3969 419 4034 sunt
434 3965 591 4055 quaedam
609 3969 750 4046 notulae,
767 3967 887 4034 similes
899 3965 1038 4056 quidem,
1056 3967 1112 4033 sed
1126 3967 1222 4056 longe
1232 3963 1400 4056 pauciores

181 4073 241 4153 iis,
280 4091 416 4162 quarum
449 4069 484 4134 in
522 4071 679 4162 superiori
711 4071 753 4142 ad
779 4067 924 4142 Graecos
955 4069 1176 4138 cohortatione
1203 4067 1400 4136 mentionem

130 4195 137 4208 ’
181 4171 390 4260 fecimus.“³)

237 4415 262 4480 ¹)
279 4414 379 4466 Horum
390 4419 508 4470 neruum
521 4407 617 4471 factum
631 4433 685 4472 esse
696 4419 802 4472 ridetur.

236 4501 262 4564 ²)
280 4500 295 4553 l.
307 4500 325 4554 1.
337 4515 361 4562 p.
373 4497 434 4555 634.

239 4585 264 4652 ³)
283 4585 302 4642 1,
313 4600 335 4637 c.
348 4583 443 4651 ptus.
