2830 5052
58 557 214 642 assmsic¹)
228 557 357 624 minime
376 557 429 623 est
447 555 566 645 opinio,
587 553 646 622 sed
665 551 762 620 alicui
773 549 867 616 lirmo
882 544 1027 613 assensio
1043 563 1083 608 ac
1095 539 1235 630 potenti

59 659 123 742 Quis
140 661 243 732 autem
263 659 323 726 deo
342 658 526 748 potentior?
554 657 620 726 Sed
635 655 854 736 „infidelium
868 649 977 738 opinio
996 649 1049 712 est
1067 641 1237 722 imbecilla,

59 761 154 851 quaid,
175 761 258 852 quod
276 762 336 828 deo
353 763 539 852 oppositum
558 763 622 840 est,
639 781 750 825 verum
769 778 842 823 esse
862 751 1045 841 opinantur.
1067 745 1238 815 Credimus
1351 833 1357 842 .

59 867 141 930 subm
152 865 189 942 ei,
200 864 250 930 cui
264 864 393 930 fidimus
409 863 450 929 ad
465 863 599 950 gloriam
611 861 753 928 divinam
766 858 978 942 salutemque,
991 851 1050 918 soli
1062 851 1131 927 deo,
1145 869 1239 938 quem
1305 925 1308 936 ¹
1341 911 1347 921 ,

61 987 192 1054 nunquam
205 967 334 1048 mentiri
350 967 480 1045 scimus,
495 965 551 1052 qui
565 965 674 1042 etiarn,
689 963 760 1051 ipse
773 959 893 1026 nulline
908 957 954 1023 rei
968 955 1128 1041 indigens,
1152 973 1240 1018 sum·

63 1089 119 1132 nan
137 1091 210 1155 erga
228 1093 299 1147 nos,
319 1073 453 1159 propter
470 1089 541 1150 nos,
562 1065 662 1133 habet
680 1062 946 1132 benevolentiam.
989 1057 1101 1140 Quare
1119 1077 1159 1120 ex
1177 1051 1240 1118 fide

60 1173 143 1236 nosue
160 1173 362 1260 nosmetipsi,
383 1171 529 1258 quamvis
550 1169 626 1236 olim
650 1171 777 1256 gentes,
793 1164 919 1230 fructus
940 1159 1153 1250 percipiemus
1168 1175 1240 1222 eos·

59 1269 203 1362 dem,'quos
215 1274 382 1341 Abrabam
396 1273 550 1363 percepit,
566 1273 658 1339 cuius
672 1293 758 1338 nuno
772 1287 881 1336 semen
896 1284 1018 1332 sumus.
1035 1259 1123 1346 ,Nam
1138 1260 1172 1324 et
1185 1277 1241 1342 rp-

59 1373 114 1440 teris
126 1376 211 1444 Test.
226 1380 263 1443 et
275 1376 313 1446 N.
328 1376 413 1443 idem
427 1380 540 1444 auctor
553 1377 644 1443 deus.

104 1475 185 1559 Quae
199 1501 300 1570 quum
314 1479 363 1546 ila
378 1479 454 1558 sint,
471 1478 589 1546 Graeci
604 1475 764 1543 immerito
777 1471 874 1540 fidem
892 1473 1059 1556 tanquam
1081 1481 1242 1530 commen-

9 1569 10 1580 *
59 1579 109 1644 tun
126 1579 296 1648 humanum
317 1582 565 1671 reprehendunt.
608 1580 756 1664 Namque
780 1577 848 1643 sive
873 1572 1010 1639 caritate
1032 1565 1243 1634 fundamento

59 1679 145 1761 ulitur,
170 1683 249 1766 sive,
276 1687 315 1750 ut
342 1687 547 1752 accusatores
573 1683 695 1757 dicunt,
721 1679 853 1744 timore:
878 1675 975 1742 fidem
1002 1692 1073 1738 csse
1099 1665 1243 1732 divinum

60 1785 188 1866 quoddam
202 1786 339 1853 affirmo.
377 1785 508 1854 Caritas
524 1789 611 1854 certe
623 1783 686 1849 fide
699 1780 780 1848 facit
792 1779 920 1856 fideles3
942 1776 1023 1842 fides
1038 1774 1147 1838 autem
1162 1767 1244 1836 cari-

61 1885 116 1954 latis
129 1887 301 1958 stabilitas.
355 1889 453 1957 Fides
468 1911 564 1980 porro
578 1888 682 1978 prima
697 1885 739 1950 ad
755 1882 891 1950 salutem
905 1876 1073 1944 inclinatio
1086 1872 1180 1940 nobie
1195 1870 1244 1936 vi·

66 1986 137 2070 deur,
151 2014 247 2077 quam
265 1991 412 2080 sequitur
425 1992 532 2070 timor,
549 2013 635 2080 spes,
650 1987 860 2078 poenitentia,
881 1999 963 2073 quae
984 2003 1057 2046 cum
1077 1974 1244 2044 continen-

68 2087 96 2154 tia
109 2095 135 2158 et
156 2095 331 2162 tolerantia
355 2095 559 2183 proficientes
584 2115 643 2160 nos
670 2091 794 2158 ducunt
817 2087 859 2152 ad
886 2086 1055 2150 caritatem
1081 2082 1179 2164 atque
1204 2073 1245 2140 ad

64 2195 256 2278 rogationem.
301 2197 399 2264 Fides
420 2217 498 2284 ergo
517 2195 667 2282 gnostico
686 2215 752 2258 non
766 2189 870 2276 magis
886 2185 1077 2261 necessaria,
1093 2201 1189 2271 quum
1204 2176 1245 2254 ei,

61 2295 98 2378 qui
108 2297 137 2364 in
148 2298 206 2367 hoc
221 2299 343 2366 mundo
358 2299 449 2377 vivit,
465 2299 507 2364 ad
520 2295 693 2364 vivendum
705 2293 877 2384 respiratio
888 2293 931 2377 ²).
1247 2288 1250 2292 '

104 2399 204 2491 Atque
224 2401 385 2480 timorem,
406 2404 445 2466 ut
465 2400 603 2488 primum
629 2399 669 2465 de
696 2399 757 2464 hoc
777 2397 985 2468 disseramus,
1006 2387 1061 2474 qui
1079 2379 1245 2457 accusant,

59 2493 156 2588 Legem
169 2504 385 2582 insectantur,
401 2525 474 2570 cum
488 2503 580 2591 Lege
595 2504 706 2568 autem
717 2497 949 2586 legislatorem,
963 2492 1082 2565 Deum,
1099 2507 1172 2551 cum
1186 2482 1246 2548 deo

10 2689 11 2696 ἵ
59 2620 158 2670 omnem
171 2607 355 2673 veritatem.
399 2604 467 2672 Neo
485 2627 560 2672 vero
580 2607 691 2672 noster
706 2601 835 2688 quidem
855 2599 953 2666 timor
967 2587 1169 2683 perturbatio
1184 2585 1246 2661 est,
1278 2655 1284 2666 ¹

9 2705 11 2788 ᾗ
58 2703 101 2781 tet
114 2721 236 2794 poenas¹
250 2709 377 2797 peccati
396 2710 529 2797 propter
548 2707 777 2774 correctionem
797 2727 816 2768 a
835 2700 929 2768 nobis
949 2699 1035 2762 iuste
1055 2687 1247 2779 repetendas

57 2803 199 2889 timemus3
226 2833 294 2877 non
313 2833 498 2898 repugnans
517 2810 620 2898 igitur
639 2807 757 2874 rationi
778 2803 950 2872 declinatio
972 2801 1033 2875 est,
1055 2795 1112 2861 sed
1132 2809 1247 2858 conve·
1347 2817 1350 2824 ·

57 2906 139 2989 niens,
158 2937 255 3000 quam
276 2913 500 2979 cautionem
520 2911 741 3000 appellaveris.
785 2907 872 2974 Sunt
896 2906 1015 2978 autem,
1036 2898 1092 2986 qui
1111 2893 1249 2960 libenter

56 3007 268 3084 denominibus
281 3016 445 3104 pugnent.¹
462 3013 614 3096 Quinimo
628 3012 736 3078 cautio
747 3009 814 3086 illa,
829 3003 985 3090 velLegis
1000 3001 1108 3074 timor,
1120 2994 1248 3060 initium

9 3139 11 3208 ᾗ
57 3115 93 3176 est
105 3119 287 3206 sapientiae,
302 3139 407 3206 neque
421 3137 564 3205 unquam
580 3116 648 3180 sine
661 3113 733 3200 lege
749 3109 888 3198 sapiens.
911 3107 981 3171 lam
995 3123 1071 3169 vero
1083 3098 1249 3165 videamus

10 3235 11 3238 ’
56 3235 191 3298 quaenam
210 3222 264 3286 lex
283 3219 427 3286 timenda
446 3221 615 3306 proponat.
658 3216 696 3284 si
717 3214 784 3280 sint
797 3212 938 3298 egestas,
954 3203 1096 3279 morbus,
1111 3195 1249 3286 ignomi-

55 3316 106 3397 nia,
124 3323 183 3390 alia
201 3324 236 3389 id
257 3345 375 3410 genus:
402 3322 480 3388 haec
500 3313 670 3411 pleraeque
691 3318 860 3385 civitatum
884 3313 985 3398 leges,
1006 3306 1083 3372 dum
1107 3298 1251 3368 timenda

57 3429 231 3510 proponunt,
247 3426 320 3492 ideo
335 3423 518 3491 laudantur.
541 3420 825 3490 Verumenimvero
840 3415 947 3483 omnia
960 3433 1019 3477 nos
1034 3409 1146 3494 lugere
1161 3403 1253 3470 iubet

55 3517 96 3589 lex
108 3549 214 3594 revera
227 3529 322 3606 mala,
339 3525 609 3616 perturbationes,
626 3527 760 3612 peccata
776 3519 906 3594 scelera,
918 3518 952 3580 et
965 3535 1046 3599 quac
1056 3510 1131 3574 hinc
1144 3502 1251 3594 sequi-

9 3633 11 3710 ξ
57 3623 107 3706 tur,
129 3635 264 3698 mortem
290 3629 398 3697 animi.
441 3629 535 3696 Bona
559 3649 638 3716 ergo
662 3626 725 3693 lex.
770 3621 853 3689 Nam
879 3617 966 3708 quod
990 3609 1170 3702 Apostolus
1195 3625 1252 3693 per

59 3797 239 3813 x-1—--—⁴

9 3931 11 3972 l
102 3899 122 3968 ¹)
140 3897 262 3966 ἑκούσιος
278 3900 502 3974 προαποδείξεως
515 3895 722 3971 συγκατάθεσις.
757 3899 873 3966 Sylburg.
890 3902 916 3947 et
931 3892 1060 3946 Lowthius
1078 3887 1178 3936 volunt:
1196 3873 1251 3948 πρὸ

9 3975 11 4046 l
58 3972 215 4058 ἀποδείξεως,
227 3993 294 4056 quod
306 3967 474 4055 mini‘buplici
486 4003 519 4040 ex
531 4005 608 4039 causa
619 4003 670 4038 non
682 3973 776 4052 placati
806 3985 839 4035 Et
851 3981 919 4046 prior
931 3981 1031 4044 quidem
1044 3987 1121 4024 causa
1133 3975 1177 4030 est,
1187 3968 1254 4034 quod

9 4055 11 4150 l
58 4065 214 4146 illudloxuoqi
226 4077 326 4139 flamina
338 4075 584 4137 demonstrationem,
597 4089 648 4139 qua
664 4071 791 4126 imbecilla
803 4059 887 4132 opinio
899 4065 1009 4122 tollatur,
1021 4074 1086 4125 quae
1098 4055 1200 4106 estsine
1213 4053 1255 4102 de-
1338 4085 1340 4088 -

59 4163 221 4213 momnations
233 4153 418 4227 deopassiani.
436 4159 490 4227 (Sic
502 4161 569 4211 enim
580 4161 715 4225 legendum
727 4171 783 4219 pro:
805 4141 974 4220 ἄποφατικὴ,
986 4146 1053 4211 quod
1065 4157 1166 4194 aeneum
1177 4139 1256 4190 habet

61 4239 186 4311 incidam,
199 4253 226 4296 nt
238 4250 305 4314 quod
318 4248 357 4298 dei
369 4248 550 4316 oppositionem
561 4245 688 4296 imbecilla
700 4245 817 4306 opinione
828 4231 917 4304 negari
927 4231 1047 4295 indicati)
1059 4229 1157 4280 Deinde
1170 4233 1256 4276 autom

61 4320 118 4388 illud,
133 4333 196 4395 quod
213 4335 335 4398 aequitare
362 4331 510 4394 πίστις....
526 4323 597 4399 april
639 4349 665 4392 ις
684 4321 856 4398 εὐγνώμονος
874 4308 1108 4390 accumulasse
1124 4313 1256 4375 10⁸P⁰⁰<i0i
1327 4309 1330 4314 ⁵

63 4411 129 4466 unsri
140 4409 261 4479 ἑκούσιος
271 4417 497 4486 προαποδείξεως
508 4417 714 4486 mundanas.
750 4413 842 4478 Atqui
853 4403 909 4477 πρὸ
927 4397 1105 4472 καταλήψεως
1121 4400 1255 4464 legendam

64 4505 106 4544 use
116 4513 184 4552 nemo
194 4507 349 4556 considerare
361 4506 501 4558 contendet.
535 4503 605 4568 Ergo
621 4517 653 4554 ne
669 4496 894 4570 προαποδείξεως
905 4494 1007 4568 quidem
1024 4493 1056 4540 ad
1068 4489 1197 4538 libidinem
1209 4483 1258 4534 trit

64 4587 247 4639 mutandum-
504 4598 507 4626 ι
586 4615 597 4636 ,

108 4667 131 4732 ²)
147 4685 170 4736 P·
183 4673 327 4730 443-44n.
1022 4699 1024 4706 .
1258 4689 1265 4736 p
