2830 5052
571 348 575 357 ·
607 295 809 438 ,ξτες

99 517 255 601 ferentes,
270 517 514 601 beneficentiam
528 522 612 604 dica
625 519 854 615 largiendoqus
868 524 930 600 eis,
946 524 1002 614 qui
1015 523 1220 610 affliguntur,
1240 513 1325 614 peri*

99 627 262 715 cipiamus
277 647 387 692 veram
399 621 559 714 quietern,
591 627 741 714 Largitic
761 627 1006 696 veroneminem
1019 629 1167 714 egestate
1185 629 1315 700 alliciet.

100 727 385 812 Quemadmodum
400 729 484 793 euim
499 731 600 817 putei,
616 730 797 822 quicunque
818 731 1009 810 scaturiunt,
1025 729 1174 796 exhausti
1193 732 1227 796 in
1247 732 1314 820 pri-

106 833 222 899 stinam
247 853 352 922 aquae
371 829 602 900 abundantiam
627 825 849 910 revertuntur3
873 832 1138 923 quemadmodum
1160 855 1254 920 porro
1273 832 1316 898 ad

106 935 213 1015 ubera,
233 955 318 1023 quae
332 937 494 1019 suguntur
513 935 565 1001 vel
587 937 684 1004 etiam
704 935 906 1022 mulgentur,
934 931 985 1000 lae
999 929 1082 1002 solet
1099 935 1245 1013 affluere3
1266 936 1316 1002 ita

100 1036 244 1124 largitio,
265 1057 348 1126 quae
363 1035 466 1102 bonus
486 1040 539 1106 est
557 1037 770 1126 benignitatis
789 1037 878 1114 lons,
900 1039 1012 1124 potum
1035 1061 1108 1104 cum
1129 1038 1315 1106 sitientibus

99 1139 358 1217 communicans,
384 1145 528 1226 augetur*
542 1146 660 1208 rursus
675 1143 710 1208 et
728 1140 879 1228 repletura
923 1138 1020 1221 Quod
1046 1140 1074 1206 si
1096 1141 1168 1230 quis
1186 1141 1315 1221 dixerit,

96 1243 227 1310 iustum
241 1264 262 1306 a
278 1241 433 1308 sevisum
448 1265 520 1313 esse
534 1243 673 1331 inopem,
694 1243 723 1310 is
737 1265 802 1310 non
821 1242 856 1306 in
877 1241 945 1307 solo
965 1265 1048 1330 pane
1065 1243 1190 1308 iustum
1208 1243 1316 1310 vivere
1347 1239 1350 1251 ¹

96 1345 193 1422 solat,
210 1344 378 1409 sedetiam
389 1341 538 1432 inLogo,
552 1347 573 1412 i.
588 1369 617 1416 e.
627 1347 661 1412 in
672 1345 732 1412 deo
742 1343 966 1432 omnipotenti,
981 1343 1085 1411 omnis
1097 1347 1206 1436 copiae
1218 1355 1316 1412 causa
1407 1337 1410 1354 ⁴

100 1448 259 1520 acioute,
274 1467 458 1534 persevero,
478 1471 562 1535 pane
583 1449 756 1530 coelesti1).
800 1447 872 1514 Imo
890 1466 965 1512 vero
983 1447 1101 1512 mirum
1121 1450 1188 1526 est,
1219 1469 1316 1536 quam

101 1551 192 1616 dives
210 1549 258 1614 sit
271 1547 368 1615 homo
382 1547 571 1636 frugalitate
586 1549 673 1617 altus
682 1575 691 1630 3
714 1550 766 1638 bic
781 1549 987 1616 enimomnes
1001 1552 1135 1636 superat
1154 1553 1315 1638 sumptus,
1387 1557 1392 1566 ‘

101 1642 200 1740 quum
214 1649 274 1714 illa
286 1672 451 1740 nunquam
466 1653 604 1730 deficiat.

163 1752 245 1820 Jam
259 1773 347 1830 vero,
363 1757 402 1819 ut
414 1756 618 1844 propositum
633 1777 866 1846 prosequamur
886 1793 929 1807 -
947 1776 1022 1820 num
1043 1776 1125 1844 quae
1145 1753 1316 1842 perturba·
1353 1785 1356 1790 ·

103 1856 207 1921 bones
222 1855 388 1921 sanandae
408 1858 485 1935 siut,
500 1859 758 1928 demonstratum
773 1861 825 1923 est
839 1897 879 1906 -
894 1858 1051 1944 imagines
1066 1857 1267 1943 attingamus
1283 1860 1318 1924 et

111 1957 343 2036 similitudines,
358 1961 398 2025 ut
407 1959 509 2026 bonas
520 1961 695 2040 imitemur,
709 1962 871 2048 fugiamus
883 1964 1006 2049 turpes.
1036 1961 1083 2026 Et
1093 1959 1317 2026 vetustissima

110 2061 231 2150 quidem
248 2061 396 2151 exempla
417 2063 458 2128 ad
480 2063 617 2129 salutem
639 2067 717 2130 sunt
737 2064 874 2128 maxime
894 2063 1019 2128 idonea.
1064 2063 1196 2149 Ulyssis
1214 2064 1318 2158 igitur

105 2187 182 2231 uxor
210 2162 347 2252 pulchra
375 2167 608 2252 temperantiae
638 2169 746 2264 imago
770 2165 880 2230 haberi
905 2167 1025 2252 potest.
1070 2165 1318 2235 Lacedaemonii

100 2268 228 2343 autem,
258 2267 298 2330 ut
317 2289 434 2354 pueros
455 2267 654 2334 ebriositatis
674 2269 820 2346 taedeat,
849 2267 952 2333 Ilotas
968 2266 1161 2335 vinolentiae
1185 2267 1317 2332 sedare

99 2369 227 2445 iubent,
242 2389 324 2452 quos
339 2369 520 2436 vinolentos
541 2370 742 2458 conspiciant
751 2370 808 2435 illi
853 2369 919 2436 Sed
934 2369 1062 2436 omnino
1082 2371 1146 2435 tria
1167 2377 1244 2437 sunt
1258 2370 1316 2436 ho-

98 2473 224 2538 minum
241 2471 403 2560 exempla:
426 2497 525 2539 unum
543 2495 668 2550 eorum,
689 2472 745 2559 qni
759 2472 854 2558 deum
875 2477 1066 2558 quaerentes
1090 2497 1149 2562 per
1170 2498 1204 2540 se
1223 2480 1327 2564 rppe-'

97 2575 200 2650 riunt,
210 2573 300 2638 inter
311 2573 562 2660 quosAbraham
574 2576 629 2662 qui
640 2577 691 2642 dei
701 2577 823 2642 amicus
835 2576 1031 2664 appellatum
1048 2599 1157 2642 eorum
1169 2575 1316 2652 alterum,

98 2677 155 2763 qui
168 2676 248 2740 dum
260 2675 398 2742 audiunt
410 2677 544 2744 verbum
559 2677 703 2744 divinum
718 2664 864 2757 credunt,
880 2680 1047 2746 credentes
1064 2677 1211 2754 audiunt,
1228 2677 1318 2742 velut

97 2777 265 2866 discipuli.
310 2777 420 2844 Unum
440 2779 526 2844 enim
542 2781 741 2871 eundemque
761 2803 880 2868 magna
900 2781 1028 2870 quidem
1048 2781 1101 2846 ille
1121 2803 1197 2846 cura
1219 2773 1332 2862 atque
1392 2793 1399 2810 ¹

99 2881 214 2948 studio
228 2879 379 2964 inquirit3
394 2880 428 2945 hi
442 2882 507 2946 iam
518 2882 721 2968 praedicant,
742 2885 872 2969 utrique
886 2905 962 2949 vero
980 2883 1102 2971 populi.
1144 2881 1318 2965 inquisitio

96 2985 198 3060 hunc,
213 2983 304 3048 illum
317 2983 462 3050 inventio
475 2983 607 3050 beatum
622 2985 739 3052 reddit.
781 2985 929 3053 Tertium
950 2985 1114 3051 hominum
1134 3005 1237 3070 genus
1255 2985 1317 3059 est,

98 3087 190 3174 quod
204 3087 355 3151 neutrum
370 3083 479 3150 habet.
514 3083 604 3162 „Sed
619 3086 674 3170 qui
689 3109 748 3152 nec
761 3109 866 3174 perse
882 3089 969 3176 sapit
983 3090 1017 3152 et
1028 3109 1126 3172 quum
1142 3087 1232 3150 recta
1247 3105 1316 3148 mo-

97 3189 231 3265 neatur,
246 3207 311 3270 nqu
325 3187 486 3252 tamenad
500 3189 641 3261 mentem
655 3191 797 3270 revocat3
814 3190 864 3254 vir
874 3187 997 3254 inutilis
1009 3189 1062 3253 ille
1077 3191 1161 3253 est.“
1187 3186 1317 3252 Inutilis

99 3295 155 3359 est
169 3287 310 3379 populus
326 3288 468 3376 gentilis,
484 3290 540 3379 qui
555 3285 723 3356 Christum
738 3313 802 3358 nou
818 3291 973 3377 sequitur.
1011 3289 1076 3356 Sed
1090 3289 1318 3380 Pacdagogus,

100 3395 245 3462 clemens
260 3393 295 3457 et
308 3391 479 3478 benignus,
495 3386 566 3466 aliis
581 3395 805 3480 peccantibus,
831 3394 924 3460 nobis
944 3393 1058 3460 horum
1082 3393 1318 3480 turpitudinem

102 3495 252 3564 ostendit
265 3496 300 3560 et
314 3488 519 3588 supplicium,
540 3497 579 3580 ut
592 3497 672 3562 vitia
693 3498 843 3562 vitemus.
887 3495 1003 3584 Itaque
1033 3495 1206 3561 sceleratos
1233 3496 1319 3560 inter
1370 3515 1376 3522 ·

101 3599 250 3666 homiues
265 3597 420 3684 degentes
435 3598 661 3664 etcautiouem
677 3599 829 3665 discimus
851 3602 886 3664 et
899 3598 1103 3667 tolerantiam
1119 3599 1154 3662 et
1169 3593 1317 3662 salutem.

105 3699 190 3784 Quis
206 3700 290 3766 enlm
306 3695 487 3787 quempiam
498 3700 533 3764 in
544 3699 597 3766 via
609 3723 757 3790 sequeus,
774 3703 801 3767 si
816 3703 903 3790 prior
913 3701 965 3764 hic
979 3702 1016 3764 iri
1023 3699 1142 3764 fossam
1156 3699 1317 3774 ceciderit,

104 3808 144 3870 ut
158 3801 283 3869 devitet
297 3799 474 3890 periculum
486 3823 554 3883 ¹nou
570 3803 713 3868 caverit?
741 3804 806 3869 Pro
826 3800 938 3868 multis
960 3823 1060 3866 unum
1078 3801 1318 3866 Sodomitarum

105 3905 288 3992 exemplum
303 3903 456 3989 attigisse
471 3905 552 3969 satis
571 3899 624 3970 sit.
666 3905 731 3971 Est
749 3907 857 3970 autem
877 3903 984 3970 Judae
1005 3902 1142 3989 epistola
1161 3901 1318 3966 eiusmodi

108 4006 355 4072 similitudinum
370 4006 476 4092 plena,
497 4005 597 4086 veluti
613 4027 640 4075 v.
661 4009 715 4072 ll:
738 4029 820 4085 „vae
834 4004 909 4090 illis,
926 4005 1001 4094 quia
1015 4004 1049 4068 in
1063 4004 1115 4067 via
1131 4001 1214 4068 Cain
1229 4003 1317 4068 abies

108 4113 184 4174 runt
199 4113 234 4175 et
254 4128 359 4174 errore
371 4109 506 4175 Balaam
516 4111 662 4190 mercede
679 4108 772 4174 effusi
793 4111 913 4174 suntet
924 4108 958 4171 in
970 4105 1223 4171 contradictione
1236 4103 1318 4172 (lore

109 4211 311 4296 perieruutl“
340 4211 451 4277 Minae
472 4210 570 4276 etiam
585 4233 623 4278 ac
637 4211 796 4300 supplicia
811 4212 902 4286 sunt,
926 4210 965 4274 ut
984 4207 1136 4280 timentes
1157 4227 1277 4294 poenas
1298 4226 1318 4271 a

110 4313 249 4400 peccatis
264 4312 494 4380 abstineamus.
538 4313 678 4382 Possum
693 4313 753 4381 tibi
768 4333 897 4384 narrare
912 4309 1029 4376 nimiae
1044 4312 1178 4378 ornatus
1193 4309 1317 4403 cupidi-

164 4621 191 4692 1>
207 4636 235 4688 p.
248 4619 396 4678 ars-ms
