2972 5048
405 243 416 280 l

682 353 721 418 41

344 427 354 474 fl
615 441 818 454 --..-..---

681 612 744 698 54.

239 709 359 778 Libri
380 708 630 801 Protreptici
652 710 928 800 argumentum
947 708 1178 795 exponatur.

175 831 381 900 Prooemium
395 830 498 918 igitur
509 831 594 910 libri,
617 832 703 918 quod
724 831 834 898 decem
847 828 961 918 primis
981 827 1110 916 paginis
1129 825 1324 905 continetur,

113 935 338 1004 dulcissimum
353 933 407 1000 est
420 955 458 1000 ac
474 935 617 1012 suavius,
632 955 734 1022 quam
744 932 850 1018 eloqui
864 930 997 1018 possim.

166 1027 391 1156 Amphionem
406 1035 595 1104 Thebanum
615 1039 683 1104 tom
705 1035 844 1103 dulciter
862 1032 972 1128 fabula
989 1031 1068 1100 lecit
1086 1037 1271 1108 canentem,
1286 1032 1334 1098 ut

99 1143 204 1212 cantu
219 1139 332 1228 pisces
347 1137 518 1206 inescaret
548 1139 654 1206 Arion
668 1143 777 1206 autem
791 1115 1042 1222 Methymnaeus
1056 1134 1181 1200 musica
1194 1131 1324 1198 Thebas

98 1243 277 1314 moenibus
292 1240 542 1308 circumdedisse
556 1244 717 1308 narratur.
761 1242 794 1308 A
808 1239 934 1308 Thrace
944 1237 1085 1325 quodam
1099 1236 1162 1304 alio
1173 1234 1325 1302 animalia

98 1345 271 1416 cantando
284 1342 509 1410 mansuefacta
522 1366 595 1411 esse
609 1343 729 1412 ferunt.
755 1344 842 1410 Mira
860 1343 959 1409 etiam
980 1341 1021 1406 de
1040 1340 1189 1408 Eunomo
1203 1357 1323 1404 memo-

99 1450 170 1516 riae
183 1445 322 1536 prodite
333 1448 425 1524 sunt3
447 1445 533 1532 hunc
547 1447 643 1527 eninr,
659 1471 759 1535 quum
773 1449 872 1541 rupta
886 1443 1029 1512 citharae
1044 1441 1178 1518 chorda,
1208 1441 1239 1506 in
1253 1440 1323 1508 eius

99 1551 217 1637 iugum
231 1547 347 1616 cicada
362 1548 558 1627 advolasset,
573 1549 791 1619 instrumento
805 1547 928 1616 musico
944 1545 1037 1632 quasi
1047 1567 1137 1612 ramo
1132 1565 1324 1633 personans

101 1651 328 1722 citharoedum
341 1671 415 1718 cum
426 1651 555 1722 cicadae
569 1655 668 1719 cantu
680 1675 774 1720 suum
787 1653 837 1720 ita
846 1655 1056 1738 temperasse,
1071 1649 1110 1714 ut
1123 1646 1325 1712 deficientem

100 1754 259 1822 chordam
290 1753 464 1842 suppleret
509 1753 613 1836 Quae,
637 1755 747 1824 fabula
759 1756 919 1843 fingente
939 1752 1051 1820 audire
1068 1750 1176 1827 iuvat3
1202 1747 1324 1816 eisdem

99 1880 182 1926 vero
201 1856 345 1935 credere,
377 1856 619 1946 superstitionis
635 1861 697 1926 est.
672 1856 938 1926 tCredidistis
956 1841 1066 1924 autem
1092 1876 1164 1937 vos,
1193 1851 1324 1930 Graeci,

105 1958 425 2046 quorumlumsnrbus
437 1958 660 2027 solaventatrs
671 1961 770 2030 lacres
774 1962 924 2048 fulgens
935 1959 992 2026 rlla
1003 1957 1143 2045 quidem
1153 1954 1325 2022 obstructa

109 2073 184 2130 esse
198 2061 336 2130 videtur.
377 2062 425 2130 Et
439 2062 560 2130 debent
574 2063 703 2150 quidem
718 2063 907 2132 cantoribus
920 2062 995 2130 istis
1010 2056 1245 2148 decipientibus
1260 2055 1324 2122 ori-

103 2165 231 2252 ginem:
263 2161 453 2242 Cithaeron,
468 2164 616 2242 Helicon,
637 2165 772 2255 Odrysii
787 2170 925 2244 montes,
946 2161 1181 2238 Bacchanalia,
1199 2160 1324 2246 myste-

55 2354 58 2360 .
100 2272 217 2354 risque
228 2266 380 2357 plurima,
391 2289 473 2354 quae
484 2269 592 2350 omnia
601 2291 666 2336 non
676 2271 784 2336 minus
794 2270 828 2334 in
839 2267 959 2334 fabulis
971 2269 1059 2342 sunt,
1071 2267 1171 2353 atque'
1179 2263 1325 2350 ipsorum

102 2373 267 2440 auctores.
312 2368 406 2436 Haec
426 2370 529 2458 igitur
551 2370 586 2437 in
606 2372 687 2460 ipsis
714 2371 871 2439 Helicone
892 2367 1087 2438 Cithaerone
1109 2353 1326 2454 Odrysiisque

102 2469 312 2540 montibus
301 2493 368 2538 ram
392 2473 545 2540 obsoletis
575 2474 788 2542 includamus.
835 2473 920 2540 Nam
945 2473 1065 2542 malum
1082 2469 1326 2558 doloremquee
1393 2482 1397 2486 ’

102 2576 228 2644 mundo
249 2573 369 2662 pellere
387 2578 627 2665 nequeunt.-
670 2579 710 2645 In
734 2575 790 2644 illc
818 2577 903 2644 enim
923 2568 1045 2676 insigni
1066 2571 1213 2641 Graeci
1203 2569 1326 2658 rugenii

103 2677 277 2746 mendacio
290 2698 330 2742 ea
343 2675 432 2744 inest
445 2676 578 2758 veritas,
594 2683 642 2760 ut,
658 2681 804 2748 homines
819 2682 939 2759 dolore,
955 2663 1007 2746 vel
1021 2676 1120 2744 etiam
1135 2674 1230 2762 culpa
1244 2695 1325 2763 qua-

102 2780 179 2848 dam
193 2765 355 2858 laborare,
371 2784 578 2900 agnoscatur,
593 2783 750 2850 malorum
765 2807 907 2850 omnrum
916 2782 1126 2870 dolorumque
1137 2799 1245 2854 causa
1260 2797 1326 2862 qua
1448 2866 1458 2878 ῃ

102 2883 212 2971 pulsa,
238 2881 325 2948 laeti
336 2883 527 2951 reviviscere
538 2925 541 2936 ·
552 2885 773 2977 amissumque
785 2886 952 2954 naturae
942 2883 1113 2971 imperium
1135 2899 1326 2967 recuperare

103 2985 248 3074 possint.
261 3021 302 3034 --
313 2984 381 3052 Sed
389 2989 441 3052 est
451 2986 597 3075 prolecto
607 2993 721 3055 cantor
731 3010 841 3066 verus,
859 3010 955 3078 quern
970 2984 1141 3073 ignoratis,
1156 2979 1323 3048 cGraeoil

76 3131 80 3136 -
105 3087 237 3175 Logos)
259 3087 402 3176 inquam,
422 3089 584 3168 coelestis,
613 3091 679 3179 qui,
709 3113 813 3180 quum
823 3089 968 3177 legitime
982 3090 1157 3162 certasset,
1171 3085 1206 3176 in
1220 3083 1324 3150 totius

110 3190 220 3258 mundi
237 3188 367 3257 theatro
382 3198 499 3258 corona
513 3191 702 3281 triumphali
715 3192 927 3259 ornatusest.
972 3190 1003 3258 N
1005 3213 1042 3257 ec
1054 3183 1131 3256 tero
1145 3211 1236 3256 meus
1252 3191 1324 3280 qui-

106 3293 177 3360 dem
206 3291 378 3366 Eunomus
408 3293 588 3383 Terpandri
612 3295 725 3362 modos
750 3293 852 3372 cenit,
879 3315 984 3384 neque
1004 3289 1191 3383 Capitonis,
1220 3314 1326 3382 neque

80 3437 84 3450 -
105 3394 271 3483 Phrygios
291 3395 343 3462 vel
356 3395 482 3484 Lydios
500 3398 553 3464 ve'l
573 3397 729 3478 D'cric0s;
767 3397 824 3466 sed
845 3399 993 3466 aeternos
1013 3417 1116 3464 novae
1139 3395 1325 3464 harmoniae

106 3500 240 3577 modos3
264 3497 427 3568 canticum
441 3503 556 3568 cantat
563 3524 704 3568 novum
1146 3548 1149 3556 .

317 3603 464 3686 νγιιινθὲι
478 3602 500 3668 τ’
517 3603 632 3692 ἄχολόν
647 3629 680 3672 τι
694 3607 798 3671 κακῶν
811 3603 958 3689 ἐπίληθες
972 3604 1123 3670 ἁπάντων.

170 3702 248 3785 Quo
273 3702 401 3770 cantico
421 3702 515 3772 dulce
536 3703 697 3796 quoddam
717 3707 753 3780 et
771 3727 883 3773 verum
902 3705 1011 3772 tristis
1033 3703 1146 3792 culpae
1165 3677 1324 3772 venenum

105 3804 287 3874 admixtum
301 3808 400 3889 est¹).
1332 3831 1336 3838 ¹

167 3905 236 3974 Sed
249 3905 329 3974 mihi
343 3906 471 3998 quidem
485 3910 626 3998 poetae
616 3933 650 3976 ιιι
668 3908 900 3999 deplorandum
918 3907 1010 3974 illum
1024 3927 1163 3991 errorem
1177 3903 1323 3970 homines

106 4007 276 4076 induxisse
293 4007 456 4088 videntur,
479 4012 520 4078 ut
529 4009 628 4078 bruta
641 4011 803 4090 animalia,
819 4011 955 4100 lapides,
970 4010 1069 4095 ligna,
1084 4009 1149 4076 imo
1163 4007 1252 4096 ipsos
1265 4007 1324 4072 doe

107 4109 203 4190 lores,
216 4133 353 4202 quorum
367 4132 526 4180 venenum
538 4113 744 4200 ignorabant,
761 4113 854 4203 quasi
869 4114 946 4182 deos
958 4113 1108 4180 colerent.
1147 4109 1235 4192 Quid
1248 4108 1324 4183 inde

110 4213 246 4282 accidit?
290 4210 445 4282 (lolentes
460 4215 601 4284 colendis
618 4217 739 4284 similes
753 4216 832 4284 laeti
848 4220 935 4296 sunt,
950 4216 971 4280 i.
984 4238 1016 4281 e·
1027 4211 1167 4290 bestiae,
1187 4211 1322 4300 lapides,
1383 4247 1387 4252 ·

111 4313 207 4402 ligna,
221 4316 275 4383 vel
293 4316 404 4406 potius
418 4317 470 4384 his
490 4317 571 4407 ipris
592 4317 785 4399 hebetiores,
813 4319 969 4388 servitute
997 4312 1323 4406 supremaoppressi.

114 4414 160 4484 At
172 4439 250 4486 vero
263 4439 358 4488 meus
370 4421 485 4490 oont'ra
498 4420 588 4489 venit
601 4425 727 4503 cantor,
741 4425 780 4490 ut
794 4423 984 4493 servitutem
998 4420 1086 4488 illam
1096 4417 1244 4487 acerbam
1257 4414 1323 4484 tol‘·

117 4569 312 4590 -ι-ι-ι·

166 4657 190 4729 ¹)
205 4675 231 4728 r·
244 4633 324 4750 1-3.1
