2884 5058
645 333 708 400 281

568 419 771 438 *-

65 541 120 606 quo
134 515 336 588 Ammonius
350 539 423 586 eum
439 516 607 586 Clemente
619 519 817 604 societur“¹)
831 517 945 586 ooniioi
960 519 1085 608 potest,
1106 517 1186 585 nihil
1200 541 1276 588 vero

64 620 140 690 sciri·
164 619 256 687 Ι’8εά
272 621 353 706 quid
366 625 478 709 repeto
493 623 613 690 altius?
641 623 809 689 Daehnius
822 625 857 690 in
870 626 949 689 nota
965 623 1027 686 115
1041 621 1129 709 ipse,
1149 623 1182 689 in
1197 623 1277 688 Phi-

62 724 128 789 lone
141 723 224 790 haee
239 723 351 788 omnia
364 717 430 790 iam
443 725 587 813 reperiri,
603 725 750 813 largitur.
768 771 771 776 ,
795 727 892 808 Quod
902 728 1012 791 autem
1029 726 1070 790 ad
1085 730 1278 810 argumenta

63 825 186 903 attinet,
203 825 328 912 quibus
344 825 464 893 eisdem
480 829 521 894 ad
536 829 691 916 dogmate
703 829 759 894 illa
772 829 938 918 probanda
953 831 987 894 et
1003 824 1153 894 Clemens
1168 829 1203 894 et
1217 850 1276 893 an-

63 931 109 994 tea
123 921 358 1018 Neoplatoniei
372 931 424 997 usi
439 932 516 1010 sint,
531 931 610 998 haec
624 931 735 998 eadem
748 953 820 998 esse
835 955 898 998 non
914 929 1158 997 demonstravit.
1187 927 1276 996 Con·
1367 933 1370 937 ’

63 1032 204 1097 sentiunt
219 1027 355 1122 quidem
369 1034 522 1100 nonnulla
537 1057 577 1100 ex
591 1036 702 1122 perte,
728 1039 890 1121 quatenus
910 1039 945 1102 et
964 1035 997 1100 in
1014 1035 1060 1100 rei
1074 1031 1181 1099 indole
1195 1035 1229 1099 et
1242 1033 1278 1100 in
1360 1049 1367 1058 '

62 1132 188 1219 logicae
207 1134 323 1221 legum
355 1141 473 1202 natura
503 1138 744 1209 consensionem
769 1137 910 1204 habeant
935 1140 1073 1228 oportet.
1123 1135 1281 1203 Ceterum

62 1233 133 1301 haee
147 1237 276 1316 omnia,
290 1241 330 1304 ut
343 1238 403 1305 hoe
417 1241 534 1304 iterum
546 1240 661 1316 dicem,
682 1261 702 1304 a
716 1241 832 1306 neutro
846 1239 978 1327 cognita
992 1246 1070 1304 sunt
1083 1237 1213 1305 interna
1226 1238 1276 1306 vi·

63 1336 155 1416 sione,
169 1339 229 1404 sed
242 1341 502 1424 ratiocinatione.
532 1340 681 1407 Plotinus
691 1342 788 1408 etiam
801 1337 967 1408 Philonem
981 1341 1095 1406 saltem
1107 1342 1277 1408 adamasse

62 1433 184 1505 videtur
199 1445 375 1510 externum
390 1435 585 1527 adiutorem,
612 1443 763 1511 Clemens
782 1449 890 1511 autem
911 1447 946 1510 et
959 1443 1126 1510 Philonem
1146 1445 1180 1508 et
1195 1442 1277 1508 Pro-

62 1541 182 1628 phetas.
193 1576 197 1584 0
229 1543 377 1610 Tantum
392 1537 500 1612 autem
515 1545 731 1635 philosophati
747 1547 815 1614 sine
830 1547 1087 1634 ,.mystioismo‚“
1102 1545 1190 1631 quali
1204 1543 1277 1634 phi-

62 1636 252 1733 losophandi
273 1647 398 1714 ratione
417 1649 468 1714 usi
490 1651 586 1715 suut?
604 1651 654 1716 ln
678 1650 739 1716 hoc
758 1651 956 1736 quaestionis
976 1648 1162 1742 propositae
1180 1647 1278 1714 cerdo

63 1747 208 1826 vertitur,
226 1767 337 1836 quem,
356 1753 516 1836 quomodo
531 1755 687 1830 vertatur,
709 1775 772 1819 uon
788 1753 932 1818 ostendit
947 1751 1126 1820 Daehnius.
1170 1748 1278 1832 Quin-

63 1847 214 1916 etiamad
230 1853 350 1918 altiora
365 1845 518 1938 dogmata
531 1855 722 1943 respiciens,
742 1855 821 1921 haec
840 1855 933 1920 nobis
949 1845 1081 1921 disertis
1101 1853 1208 1920 verbis
1227 1853 1277 1920 ia-

64 1951 162 2018 tetur:¹
173 1944 284 2032 „seu
297 1955 361 2020 iam
374 1956 415 2022 ab
434 1955 498 2022 illis
515 1957 783 2046 (Neoplatonicis)
802 1958 925 2023 recedit
940 1955 1131 2043 (Clemens),
1160 1956 1218 2022 ubi
1237 1954 1278 2022 do

65 2073 96 2118 eo
108 2056 231 2140 agitur,
250 2057 438 2146 quomodo
450 2060 581 2127 tandem
592 2060 775 2126 interiorem
787 2061 838 2124 dei
851 2083 908 2146 per
920 2081 954 2125 se
965 2083 1098 2148 prorsus
1109 2049 1277 2144 incogniti,

65 2159 335 2242 cognitionem
358 2160 530 2248 adeptus
552 2162 681 2247 sit2).“
721 2163 810 2249 Ergo
828 2159 978 2228 Clemens
993 2185 1057 2228 non
1073 2161 1278 2249 estNeopla·

65 2251 203 2340 ionicus,
217 2305 222 2312 -
238 2262 396 2348 siquidem
416 2263 552 2330 rationis
571 2265 657 2330 inter
681 2287 748 2332 rem
774 2265 1029 2351 cognoscendam
1049 2268 1083 2330 et
1102 2265 1277 2329 humanum

65 2365 278 2448 cognoscendi
304 2367 433 2434 modum
454 2368 598 2433 statutas
618 2367 800 2436 differentia
818 2367 972 2432 differunt
993 2366 1186 2454 philosophi.
1229 2367 1279 2432 At

66 2482 150 2530 verce
174 2469 395 2546 „Assentitur
414 2469 543 2556 quidem
562 2467 725 2558 (Clemens
744 2469 1016 2558 Neoplatonicis),
1042 2471 1090 2536 ait
1109 2469 1278 2536 Daehuius

66 2585 165 2650 porro,
181 2571 217 2636 in
233 2593 272 2636 eo
283 2572 364 2659 ipso,
387 2573 474 2657 quod
489 2573 638 2640 ultimum
653 2575 740 2640 vitae
754 2577 886 2640 nostrae
905 2573 1001 2639 finem
1021 2573 1206 2638 interiorem
1226 2571 1279 2638 dei

68 2673 280 2756 cognitionem
293 2674 487 2762 appellaifl),
510 2659 667 2762 quinimo
681 2677 828 2742 intimam
844 2699 916 2748 cum
937 2697 975 2742 eo
990 2675 1277 2754 consociationem

67 2791 156 2854 porro
171 2795 247 2840 cum
262 2775 326 2840 illis
341 2781 462 2856 censet,
478 2777 691 2844 demonstrari
705 2801 812 2867 posse,
828 2802 903 2868 qua
925 2778 1080 2844 ratione
1102 2777 1222 2844 homini
1237 2776 1279 2841 ad

68 2891 130 2938 eam
145 2877 317 2962 pervenire
333 2879 587 2965 'liceat-(quod
609 2884 671 2946 est
692 2884 813 2966 caput
834 2881 1076 2966 mysticismi
1098 2878 1278 2966 philoso-

68 2974 204 3058 phici):
224 2980 285 3046 nbi
299 3001 375 3045 vero
393 2975 612 3046 'd'e'retione
627 2981 734 3068 ipsa,
756 3004 831 3066 qua
845 2982 885 3046 id
899 2982 990 3047 fieri
1010 2981 1158 3069 possit,
1182 2979 1278 3044 dicit:

30 3163 31 3168 ἵ
70 3071 273 3148 Christianus
294 3081 561 3170 Neoplatonicum
586 3083 740 3168 relinquit
764 3091 836 3166 (cur
855 3106 920 3149 non
939 3084 1003 3148 ita:
1026 3081 1278 3169 Neoplatonicus

69 3171 291 3272 Christianum
303 3183 504 3272 relinquiti),
526 3188 636 3250 tamen
650 3186 792 3263 nonita,
813 3188 930 3251 utnon
944 3187 977 3250 in
994 3185 1130 3272 singulis
1148 3186 1182 3260 et
1202 3205 1278 3269 gra·

68 3280 205 3352 iissimis
242 3288 283 3353 ad
318 3309 390 3352 eum
420 3289 669 3370 reverterunt).
729 3288 794 3354 Sed
819 3288 940 3376 placita
964 3309 1067 3374 noque
1093 3287 1281 3352 consociant

68 3379 147 3452 inter
177 3413 213 3456 se
239 3389 446 3477 philosophos
465 3411 569 3478 neque
590 3391 807 3478 distinguunt.
866 3391 994 3456 Deinde
1028 3392 1137 3455 autem
1167 3389 1195 3454 si
1219 3388 1280 3454 hoo

69 3493 280 3574 ‚onysuoismi
308 3492 520 3581 philosophici
548 3496 671 3581 caput“
700 3496 762 3570 est,
792 3495 841 3572 ut,
871 3491 1114 3572 „demonstrari
1141 3511 1249 3578 posse,
1257 3499 1278 3532 “

70 3581 267 3672 concedatur,
298 3617 388 3681 „qua
412 3596 537 3662 ratione
566 3596 601 3678 (i.
630 3618 655 3662 e.
688 3596 847 3662 rationem
872 3617 954 3674 esse,
985 3602 1063 3680 que)
1091 3592 1212 3658 homini
1237 3591 1280 3656 ad

68 3681 248 3763 interiorem
274 3697 332 3763 'dei
364 3697 578 3785 cognitionem
605 3699 771 3786 pervenire
801 3698 942 3774 liceat,“
970 3699 1070 3785 caput
1094 3695 1163 3760 eius
1192 3694 1280 3760 haud

70 3798 173 3883 magni
200 3803 253 3865 est
280 3796 393 3888 pretii,
426 3801 556 3890 quippe
574 3793 665 3868 cuius
694 3800 837 3865 essentia
864 3803 1015 3866 cernatur
1042 3799 1077 3864 in
1098 3797 1175 3863 ‘sola
1203 3819 1279 3862 con·

70 3899 212 3990 cessione
237 3903 377 3988 quadam
410 3903 462 3968 vel
490 3902 654 3990 opinione,
697 3923 779 3988 quae
814 3905 901 3968 certe
935 3903 1088 3966 sexcenta
1122 3901 1186 3965 elia
1219 3921 1279 3986 pc-

70 3996 131 4092 iius
151 3991 329 4082 discernet,
344 4017 347 4029 '
364 4025 461 4094 quam
486 4004 710 4093 philosophum
740 4001 984 4092 aphilosopho.
1028 4001 1095 4069 Sed
1122 4001 1178 4068 ille
1204 4001 1280 4089 ipsa

119 4201 144 4270 ¹)
161 4209 178 4262 l.
191 4211 207 4262 l.
219 4226 244 4275 p.
258 4211 297 4264 17.

119 4293 143 4354 ²)
157 4297 174 4348 l.
186 4291 205 4346 l.
217 4313 242 4362 p.
254 4295 298 4350 88.

119 4376 143 4446 ⁸)
161 4383 304 4434 Assentitur
322 4383 399 4432 etiem
411 4379 540 4433 Christus:
564 4381 665 4446 „Haec
685 4387 733 4434 est
756 4387 863 4432 autem
880 4380 949 4430 vita
971 4383 1119 4444 aeterna,
1140 4383 1181 4429 'ut
1205 4391 1280 4445 cog·
1416 4431 1417 4436 ,

71 4457 202 4518 u'oscant
223 4475 267 4531 te,
292 4467 395 4518 solnm
412 4469 502 4519 deum
525 4483 646 4536 verum,
664 4476 795 4536 ecquem
810 4466 943 4536 misisti,
966 4463 1070 4522 Iesum
1086 4462 1280 4526 Christum,“

69 4535 263 4606 {00'lell28r··
287 4538 312 4582 ’ΣΙ
329 4535 332 4542 Δ
364 4539 367 4546 '
391 4551 407 4569 ’“
563 4543 566 4550 ¹
830 4543 833 4548 Ι

121 4634 371 4702 *)1.1.ι).88--’89’.Δ
442 4665 447 4672 ·
484 4645 486 4652 ’
530 4667 533 4674 ⁴
