2830 5052
713 309 776 374 114

208 493 574 580 (ὶιιοᾶείΗεδηθοιήιιω
596 497 718 584 seripta
735 499 811 564 aute
831 493 976 562 Graecos
997 492 1258 582 philosophantes
1277 512 1343 560 oon·
1396 460 1401 480 ¹

142 603 229 670 ieota
243 603 352 677 erant,
380 601 572 687 poterant
592 598 721 684 quidem
743 597 862 666 Graeoi
882 596 924 664 ab
942 593 1024 684 ipsis
1044 593 1232 672 veritatem,
1260 615 1344 680 quam
1404 637 1405 672 y

142 704 273 781 habent,
289 703 440 770 mutuari.
481 701 532 766 At
545 722 621 786 vero
635 699 816 768 Hebraioae
836 699 967 788 linguae
980 711 1045 764 non
1060 700 1154 764 erant
1168 695 1274 786 periti.
1312 695 1346 760 ld
1404 737 1405 752 i

143 807 272 895 quidem
282 788 431 872 concedo:
467 802 534 868 Sed
545 801 723 868 Ptolemaei
736 806 891 892 tempore,
906 803 964 868 filii
976 802 1072 889 Lagi,
1088 801 1149 879 vel,
1161 803 1200 866 ut
1214 795 1346 866 nonnulli

143 910 268 986 volunt,
283 907 364 984 eius,
380 905 435 990 qui
450 903 652 992 Philadelphi
666 897 855 993 eogn'omine
869 905 1033 983 utebatur,
1055 908 1090 970 et
1102 903 1212 990 legum
1232 905 1268 968 et
1283 921 1346 989 pro·

143 1011 315 1101 phetarum
328 1009 428 1074 libros
442 1006 566 1072 Graece
577 1007 720 1074 redditos
733 1031 805 1074 esse
815 1007 1022 1074 notissimum
1032 1006 1198 1072 hahemus.
1229 1003 1346 1072 Soimus

144 1113 254 1190 etiam,
271 1135 367 1198 quam
379 1111 529 1176 aoourate
540 1109 574 1172 id
585 1111 810 1197 praestiterint
821 1110 1030 1199 septuaginta
1039 1109 1245 1196 interpretes,
1260 1127 1347 1196 quun

145 1215 275 1301 singula
287 1213 451 1290 vertendo,
461 1215 532 1276 tum
543 1216 660 1278 ouuota
669 1214 894 1300 comparando,
907 1215 1030 1302 quanta
1040 1207 1220 1298 diligentia.
1248 1207 1348 1296 Neque
1404 1249 1405 1292 3

68 1311 70 1316 ’
144 1317 205 1382 hoo
222 1316 290 1382 sine
316 1338 440 1382 summa
455 1315 506 1379 dei
521 1313 725 1402 prouidentia
743 1315 882 1394 fautum,
911 1337 1016 1404 neque
1034 1315 1134 1380 etism
1157 1313 1227 1378 sine
1251 1308 1348 1376 divina
1404 1355 1405 1394 3

31 1485 39 1504 „
144 1419 366 1508 inspiratione.
413 1418 531 1506 ltaque
565 1416 729 1484 Hebraioa
762 1417 932 1506 prophetia
965 1415 1200 1503 quodammodo
1236 1411 1349 1479 Graeca
1404 1463 1405 1496 y

144 1523 259 1590 evasit.
305 1519 393 1603 Quin
408 1521 472 1586 imo
488 1521 701 1604 antiquiorem
721 1519 822 1588 luisse
837 1519 1140 1608 interpretationem
1154 1515 1270 1583 soribit
1282 1509 1348 1578 A‘ri-
1404 1555 1405 1598 3

144 1624 293 1692 atabulus
305 1624 340 1688 in
354 1621 470 1688 librol
490 1622 532 1686 ad
546 1621 805 1701 Philometorem,
832 1623 966 1688 undeet
985 1621 1081 1688 Plato
1102 1624 1136 1686 et
1155 1618 1348 1706 Pythagoras
1404 1663 1405 1702 ἦ

144 1727 248 1792 multa
262 1726 416 1811 dogmata
432 1724 639 1809 sumpserint.
670 1727 782 1816 Amne
797 1725 975 1790 Numenius
990 1723 1221 1810 Pythagoreus
1236 1721 1347 1809 aperte:
1404 1761 1405 1810 y

145 1828 257 1918 „Quid
271 1828 367 1904 enim,
382 1825 499 1910 inquit,
516 1828 568 1890 est
581 1825 688 1904 Plato,
708 1828 771 1892 nisi
786 1827 920 1913 Moyses
935 1827 1224 1912 Attioissausi‘-‘¹)

209 1929 358 2014 Moysem
372 1933 491 2004 autem,
503 1927 643 1996 mirabili
656 1928 743 1994 vitae
755 1929 826 1996 eius
839 1927 1121 2016 cognitahistoria,
1132 1925 1348 2016 prophetam

144 2033 298 2108 invenies,
314 2029 608 2116 legislatorem,
624 2031 726 2096 aciei
744 2031 1001 2098 instruendae
1016 2053 1201 2118 gnarum,
1214 2029 1348 2100 ducem,

41 2173 64 2220 .·
144 2135 370 2224 politicum,
394 2131 681 2221 philosophum.
724 2133 778 2200 De
799 2133 1034 2222 prophetaerit
1052 2132 1348 2220 dicendumpostea.

146 2235 265 2304 Cetera
281 2258 356 2302 vero
371 2237 499 2322 praeter
514 2235 746 2324 philosophiam
762 2237 927 2325 pertinent
941 2236 984 2300 ad
997 2238 1101 2300 artem
1115 2233 1251 2320 regiam,
1271 2231 1349 2298 ouius

145 2363 211 2404 una
226 2339 348 2426 speeies
369 2341 421 2404 est
436 2337 544 2402 divina
559 2342 599 2402 et·
611 2338 730 2404 rationi
744 2339 952 2416 conveniens3
976 2338 1079 2404 altera
1092 2337 1212 2402 nititur
1227 2336 1293 2402 sola
1306 2353 1349 2420 po-

145 2441 270 2518 tentia3
293 2440 401 2517 tertia,
418 2462 500 2526 quae
514 2439 683 2506 victoriam
698 2445 831 2529 propter
853 2441 1060 2528 semetipsam
1082 2461 1241 2526 quaerens
1261 2432 1349 2500 domi·
1404 2437 1405 2466 ³

145 2645 284 2710 maxime
299 2645 406 2733 possit
421 2645 550 2722 servire,
570 2645 666 2708 finem
689 2644 750 2710 sihi
770 2647 929 2733 proponit.
974 2645 1041 2711 Sed
1060 2647 1099 2710 ut
1118 2643 1160 2708 ad
1181 2658 1290 2710 veram
1307 2661 1348 2706 re·

146 2748 234 2834 giam
250 2751 352 2812 artem
368 2750 528 2814 revertar:
552 2747 724 2835 prudentia
739 2769 790 2812 res
812 2751 936 2812 creatas
952 2747 1096 2824 ordinat,
1126 2745 1254 2814 divinas
1276 2740 1349 2830 sapl-
1404 2737 1405 2812 ξ

144 2851 243 2928 entia,
259 2850 416 2916 humanas
431 2851 574 2939 politica,
589 2849 747 2936 regnandi
763 2849 898 2934 seientia
913 2851 1057 2916 eurotas.
1100 2848 1218 2934 Itaque
1232 2871 1289 2924 rex
1298 2845 1349 2918 est,
1404 2891 1405 2926 3

145 2953 200 3040 qui
212 2954 352 3042 imperat
364 2953 644 3040 seeundumleges,
655 2953 831 3041 imperandi
840 2953 976 3019 seientia
988 2953 1171 3020 volentibus
1183 2951 1349 3041 praeditus,
1384 3020 1386 3033 η
1404 2979 1405 3022 1

11 3141 29 3150 Η
144 3057 249 3142 qualis
265 3059 318 3122 est
336 3055 512 3134 Dominus,
543 3057 599 3141 qui
618 3060 653 3124 in
671 3058 795 3145 ipsum,
824 3079 882 3146 per
897 3057 1003 3146 ipsum
1024 3055 1192 3122 eredentes
1207 3049 1350 3122 admittit
1404 3091 1405 3132 Σ

146 3155 266 3224 Omnia
281 3159 365 3222 enim
382 3159 519 3224 tradidit
533 3157 638 3239 Deus,
654 3161 762 3228 omnia
779 3157 912 3226 Christo
928 3158 1067 3225 subieoit
1080 3157 1151 3245 regi
1165 3161 1289 3234 nostro,
1301 3149 1351 3230 „ut
1404 3173 1405 3234 y

142 3260 178 3324 in
190 3259 318 3324 nomine
333 3259 417 3326 Jesu
431 3285 524 3328 omne
539 3285 625 3349 genu
643 3262 828 3330 flectatur.“
872 3259 949 3328 dam
969 3284 1045 3328 vero
1068 3285 1121 3327 ars
1142 3254 1349 3349 imperatoria,

46 3425 48 3455 4
144 3361 260 3446 quibus
272 3385 313 3426 ex
323 3361 419 3427 rebus
432 3367 570 3442 constet,
583 3389 603 3430 a
614 3365 729 3450 Moyse
740 3366 890 3430 aoourate
900 3365 1050 3453 exposita
1061 3367 1123 3442 est,
1139 3385 1232 3449 aquo
1245 3352 1350 3428 Graeci

142 3462 226 3528 hano
240 3464 420 3530 doctrinam
434 3469 643 3554 aeceperunt,
665 3467 751 3552 quod
770 3471 809 3534 ut
824 3467 969 3555 exemplo
985 3468 1132 3557 probemr
1162 3464 1289 3551 Moysis
1302 3481 1350 3524 ex·

143 3567 323 3654 peditiones
349 3589 367 3631 e
389 3568 519 3654 regione
551 3567 680 3634 deserta
698 3569 803 3636 laetas
828 3569 997 3636 Miltiades
1020 3567 1228 3638 Marathonia
1252 3580 1351 3653 pugna

142 3668 291 3733 imitatus
318 3672 378 3734 est.
430 3669 617 3752 Quinetiam
638 3670 842 3756 Thrasybulo
869 3694 910 3738 ex
930 3672 1037 3760 Phyla
1056 3673 1166 3747 exules
1194 3657 1349 3736 reducenti

143 3770 292 3835 columna
306 3769 402 3856 ignea
417 3773 483 3837 dux
499 3773 601 3839 fuisse
616 3777 812 3856 narratur2).

149 3947 150 3956 χ
204 3871 285 3938 'dam
295 3895 370 3941 vero
382 3874 525 3960 aMoyse
535 3875 773 3962 legislatore
784 3874 880 3940 Plato
891 3873 1205 3964 inlegibusferendis
1217 3869 1347 3940 adiutus,

143 3997 207 4040 uno
223 3975 372 4062 quodam,
403 3999 466 4062 quo
482 3978 588 4044 omnia
603 3979 828 4057 diiudicentur,
848 3979 1006 4069 printipio
1025 4001 1107 4067 opus
1129 3999 1201 4044 esse
1214 3967 1347 4062 agnovit·

143 4181 231 4229 porum
251 4182 281 4216 ao
298 4167 453 4216 definitiones
465 4168 530 4217 mira
542 4169 681 4220 eruditione
693 4172 810 4240 espault,
831 4169 1012 4236 nonnunquam
1029 4173 1212 4232 interrumpens
1228 4173 1347 4218 enumera·

143 4255 247 4314 tionem,
259 4259 288 4300 ut
300 4267 354 4309 e.,.o.
368 4255 399 4302 de
407 4255 483 4303 variis
493 4253 595 4318 linguae
608 4255 733 4319 dialectis,
757 4259 828 4307 cuius
847 4257 924 4306 etiam
941 4258 1016 4307 bruta
1033 4257 1154 4306 animalia
1173 4247 1346 4321 quodammodo

142 4339 193 4390 siut
205 4338 348 4403 participia,
362 4339 476 4404 disserat,
500 4340 541 4390 vel
551 4343 582 4390 de
595 4343 635 4391 die
647 4343 749 4392 Domini
761 4345 839 4398 nostri
850 4343 940 4406 natali,
959 4343 1088 4407 baptismi,
1106 4341 1236 4406 passionis.

199 4422 222 4490 ¹)
241 4439 265 4488 p.
277 4423 426 4482 Mil-411.
459 4425 510 4477 Hic
531 4427 627 4494 Moysis
649 4429 729 4478 vitam
750 4429 885 4497 interiioit,
917 4429 1052 4490 Philonem
1075 4429 1231 4492 potissimum
1247 4427 1343 4478 satum·

142 4524 167 4575 p.
181 4507 330 4562 411-416.
1094 4511 1098 4530 ¹

197 4593 225 4660 ²)
243 4610 270 4661 p·
283 4595 429 4651 ‹tlt-419.
541 4585 547 4599 ’
606 4609 609 4616 ’
