2820 5052
739 315 803 385 186

161 497 376 593 Dvarigclium
391 503 630 594 praedicarunt,
644 505 679 572 id
692 505 758 572 illic
771 527 837 572 non
847 505 955 574 minus
965 504 1109 573 iecerint
1138 505 1245 589 Quare
1255 505 1355 574 Patior

162 608 261 676 dicits
283 607 367 685 llli,
394 609 460 694 qui
479 608 590 698 prins
616 609 881 687 dormierunt,
904 607 1055 676 mortui
1084 607 1355 677 descenderunt

162 711 363 799 (inaquam),
386 711 462 776 vivi
477 713 609 776 autem
631 711 912 778 ascenderunt.
959 711 1031 777 Iam
1050 733 1127 778 vero
1147 713 1258 778 uenat
1275 711 1355 778 etiam

160 809 386 898 Evangelium,
402 812 515 890 multa,
532 833 615 900 quae
629 813 848 892 dormiisseut,
865 815 1095 882 surrexisse
1109 835 1252 902 corpora,
1266 815 1356 904 utqui

161 913 287 982 scilicet
306 913 467 981 translata
486 919 598 982 essent
621 917 663 981 ad
683 917 846 982 meliorem
867 916 982 982 locum.
1025 912 1107 982 Fuit
1125 937 1209 1003 ergo
1223 917 1356 1004 (Domino

159 1018 328 1104 moriente)
343 1017 502 1103 generalis
518 998 648 1107 quidam
663 1023 776 1085 motus
792 1023 827 1085 et
840 1018 1013 1086 translatio
1032 1039 1091 1107 per
1106 1018 1285 1086 Servatosis
1303 1019 1356 1084 dis·

159 1120 392 1208 pensationem.
428 1119 541 1185 Iustus
553 1121 655 1208 igitur
669 1145 733 1189 non
749 1121 889 1187 differto
903 1121 999 1199 insto,
1015 1125 1176 1210 quatenus
1191 1127 1244 1188 est
1256 1124 1355 1198 iustus,

161 1223 229 1288 sive
244 1245 284 1288 ex
298 1222 399 1309 Lege,
416 1223 483 1288 sive
500 1221 663 1302 Graecum
679 1225 843 1291 nonenim
859 1224 1059 1292 ludaeorum
1075 1223 1190 1302 solum,
1207 1224 1356 1290 sedetiam

159 1325 301 1391 omnium
327 1324 491 1391 hominum
518 1327 597 1392 deus
630 1331 683 1392 est
706 1313 886 1407 Dominus,
911 1325 1123 1416 propinquius
1149 1330 1258 1394 autem
1281 1329 1357 1414 pater

159 1427 350 1516 eorumqui
366 1433 596 1514 coguoverunt.
625 1431 774 1496 Honeste
786 1431 893 1496 vivere
908 1431 961 1495 est
975 1429 1082 1496 vivere
1093 1429 1248 1516 legitime,
1258 1425 1356 1492 rationi

159 1529 396 1608 convenienter,
413 1552 453 1595 ex
467 1530 568 1617 Lege.
614 1531 680 1612 Qui
696 1536 908 1600 autem‘recte
927 1531 1080 1598 vixerunt
1098 1535 1175 1597 ante
1187 1519 1356 1616 Legemin
1396 1555 1397 1622 ,

112 1688 114 1694 ,
156 1633 252 1698 fidem
269 1635 347 1699 sunt
360 1633 516 1722 reputati,
532 1633 611 1698 iusti
626 1633 769 1702 iudicati.
813 1633 1027 1700 Manifestum
1049 1636 1103 1700 est
1113 1634 1217 1720 igitur
1231 1653 1294 1708 eos,
1314 1629 1355 1718 qui
1396 1623 1397 1692 l

157 1738 251 1800 extra
266 1735 389 1821 Legem
405 1739 493 1801 recte
508 1733 670 1814 vixerunt,
686 1737 815 1804 etiamsi
828 1738 861 1802 in
873 1736 985 1802 iniens
1001 1736 1079 1802 etin
1091 1737 1249 1813 custodia,
1264 1733 1356 1800 audita

155 1835 289 1902 Domini
304 1861 393 1916 voce,
410 1837 478 1902 sive
492 1838 564 1925 ipsa
578 1861 636 1928 per
658 1861 702 1915 se,
728 1841 796 1907 sive
815 1863 874 1928 per
892 1838 1088 1927 Apostolos,
1113 1859 1191 1904 mox
1205 1855 1355 1929 couversos
1396 1877 1397 1916 ,

157 1937 342 2007 credidisse.
376 1939 539 2005 Dominus
555 1946 608 2006 est
628 1941 723 2008 deus
739 1944 953 2018 virtutum3
969 1940 1075 2007 virtus
1086 1942 1198 2006 autem
1212 1959 1355 2028 nunquan

155 2039 326 2107 imbecilla.
369 2041 503 2108 Bonus
524 2042 697 2122 Dominus,
717 2048 861 2134 potens
877 2043 1051 2120 Dominus,
1072 2041 1213 2108 salutern
1226 2043 1287 2127 ssdat
1299 2059 1355 2106 cun

156 2144 286 2209 iustitia
301 2147 335 2210 et
357 2145 554 2234 aequalitate
568 2146 602 2211 in
617 2169 672 2212 eos
693 2149 749 2237 qui
763 2148 1007 2225 convertuntur,
1030 2144 1097 2212 sive
1111 2144 1182 2222 hio,
1204 2145 1270 2212 sive
1287 2141 1355 2209 alibi.

158 2245 272 2315 Virtus
293 2248 362 2313 eius
382 2246 496 2314 efficax
516 2249 646 2337 ubique.
690 2249 853 2316 Dominus
880 2248 1059 2338 Apostolos
1085 2247 1208 2315 eleetos
1230 2244 1356 2314 misitiu
1396 2289 1397 2296 κ

155 2349 342 2415 universum
357 2351 511 2415 mundum
526 2351 568 2416 ad
583 2351 796 2440 Evangelium
812 2352 1037 2429 nuntiandum,
1058 2353 1098 2418 ut
1110 2371 1207 2417 nemo
1228 2371 1290 2416 non
1302 2367 1355 2414 ore·

155 2451 235 2517 dens
252 2473 286 2515 se
301 2455 413 2539 posset
428 2473 596 2519 excusare:
618 2453 649 2519 N
654 2477 701 2520 on
716 2455 863 2522 audivi.
907 2455 954 2522 Et
968 2453 1028 2520 hoe
1042 2452 1188 2541 pertinet
1202 2454 1243 2520 ad
1257 2451 1355 2522 interos

156 2575 293 2643 quoque,
310 2555 349 2618 ut
360 2556 470 2620 omne's
485 2555 604 2646 ubique
624 2555 721 2622 fateri
741 2561 915 2644 cogantur,
934 2558 1058 2624 iustum
1078 2577 1151 2622 esse
1171 2555 1354 2645 supplicium.

156 2656 223 2738 Qui
237 2679 351 2744 reapse
367 2657 436 2722 sine
452 2658 546 2746 culpa
560 2681 625 2724 non
639 2659 835 2738 audierunt,
848 2660 881 2725 hi
900 2681 1005 2750 nsque
1023 2658 1132 2747 puniri
1147 2662 1288 2746 possunt
1304 2675 1355 2722 me·

154 2757 218 2824 rito
233 2779 337 2846 nsque
359 2758 463 2824 salute
483 2759 605 2826 donari.
652 2762 745 2830 Dicit
764 2767 873 2829 nutem
894 2763 1056 2828 Dominus
1078 2761 1246 2829 omnibus:
1274 2759 1355 2824 Doce

154 2861 270 2950 posui
286 2863 378 2926 ante
392 2861 534 2928 faciem
555 2867 728 2931 vestram
743 2870 904 2933 mortem
924 2869 964 2932 et
977 2864 1116 2942 vitam,
1142 2867 1190 2930 ut
1209 2857 1355 2950 eligatis

154 2963 294 3041 vitam,
308 2967 356 3039 ut,
362 2963 450 3030 facte
456 2969 705 3054 comparatione,
713 2969 872 3035 delectum
878 2968 1031 3034 facerent.
1044 2957 1253 3034 Etslioloeos
1265 2965 1355 3032 Siue

154 3065 367 3133 audieritis
383 3067 653 3148 etvolueritis,
669 3069 769 3136 bona
783 3075 912 3137 terrae
924 3069 1156 3147 comedetis3
1173 3071 1354 3137 sinautem

153 3191 210 3235 me
225 3169 301 3234 non
316 3169 530 3236 audieritis
545 3195 669 3262 neque
683 3172 910 3250 volueritis,
926 3171 1274 3260 gladiuscomsdet
1286 3185 1353 3234 vos:
1397 3159 1398 3204 Ὗ

154 3293 196 3338 ns
217 3270 316 3336 enim
336 3271 488 3336 Domini
512 3272 606 3340 hacc
634 3275 812 3340 locutum
837 3277 907 3342 est.
951 3271 1062 3340 David
1077 3275 1204 3340 autemr
1227 3273 1354 3340 Laeta·

153 3378 250 3458 tum,
265 3373 382 3462 inquit,
399 3377 461 3439 cst
480 3395 546 3440 cor
568 3399 690 3442 meum
692 3425 759 3442 .....
806 3376 999 3459 Quoniam
1023 3397 1095 3442 nou
1120 3375 1355 3464 derelinques

154 3475 317 3543 unimam
334 3497 451 3542 meam
473 3476 509 3541 in
524 3477 678 3544 inferno
699 3501 827 3569 neque
848 3479 958 3546 dabis
982 3481 1163 3546 sanctum
1185 3483 1291 3546 tuum
1309 3469 1355 3540 vi·

155 3581 243 3645 dere
265 3577 569 3666 corruptionem.
612 3580 736 3647 Notas
753 3581 895 3648 'iecisti
920 3581 1013 3647 mihi
1034 3580 1118 3646 vias
1141 3581 1257 3648 vitae.
1297 3576 1354 3642 Iam

151 3681 254 3769 igitur
268 3680 527 3768 omnis'populus
544 3681 677 3748 sanctus
692 3703 765 3748 cum
780 3684 916 3762 Iudaeo,
932 3678 1139 3773 quamobrem
1154 3683 1279 3760 merito,
1299 3679 1353 3746 bo·

153 3805 234 3851 vem
251 3787 288 3849 et
302 3805 431 3849 ursam
453 3783 548 3850 simul
562 3783 701 3862 futuros,
718 3786 797 3852 dicit
813 3785 992 3876 Scriptura.
1036 3786 1104 3854 Bos
1119 3786 1205 3853 enim
1216 3785 1351 3856 Iudaeus
1397 3835 1398 3842 κ

69 3959 75 3964 ,
152 3886 286 3976 gentilis
301 3887 409 3952 autem
425 3909 511 3953 ursa.
556 3887 652 3954 Unde
666 3887 846 3979 Propheta:
871 3888 1047 3968 Sirenes,
1066 3889 1184 3980 iuquit,
1199 3885 1290 3954 mihi
1299 3881 1352 3961 be·

140 3989 339 4082 ‚ncdicent
359 3989 397 4055 et
417 3979 528 4055 filiae
549 4013 752 4078 passerum
772 3997 812 4058 et
835 4013 964 4060 omnes
990 3992 1145 4060 bestiae
1170 3989 1264 4079 agri.
1305 3982 1353 4052 sin

153 4093 262 4256 auftem
276 4089 413 4160 interra
427 4091 588 4159 Dominus
604 4094 688 4162 idem
705 4097 739 4161 et
749 4095 942 4163 Iudaeorum
952 4098 987 4164 et
997 4093 1207 4174 Graecorum,
1222 4083 1352 4160 etiemlfl

151 4193 186 4258 in
201 4199 291 4260 emo¹
300 4197 325 4280 ).

157 4425 163 4434 ¹
207 4449 231 4520 ¹)
248 4452 410 4506 Hoeiterum
423 4469 484 4507 exs.
497 4470 518 4507 s.
532 4455 802 4522 scripturisprobatur.
836 4457 935 4511 Deinde
943 4459 1075 4513 vucnuni
1087 4464 1112 4513 et
1124 4457 1213 4515 Isidori
1224 4419 1351 4510 testitum}i⁸

153 4549 298 4604 sequnntur,
310 4543 400 4604 quibus
412 4525 623 4605 GrseccseLege
639 4546 665 4590 et
681 4540 815 4606 Prophetis
831 4539 929 4598 furatos
944 4561 997 4600 esso
1014 4549 1162 4615 approbant.
1195 4545 1265 4600 Haec
1278 4543 1350 4593 sulm

155 4626 189 4677 ad
197 4627 350 4692 superiorem
360 4627 444 4680 locum
455 4627 583 4693 quendam
593 4628 718 4692 pertinere
728 4629 853 4682 ridentur.
