2820 5052
653 351 658 367 .
702 267 783 374 'rsa

135 487 328 585 gloriantur.
372 495 581 562 Alterutrum
594 493 680 562 enim
693 495 928 562 necessarium:
944 495 1003 562 aut
1014 493 1209 582 dogmatum
1224 513 1368 562 anonim·

115 593 398 684 'consequentiam
422 601 562 685 negant,
592 601 650 664 aut
673 597 1016 687 ipsamvprcphetiern,
1045 597 1115 664 i.e.
1137 619 1345 687 apamenam.

136 703 271 790 Semper
285 704 395 768 summ
408 697 443 764 id
454 699 563 788 potius
574 699 710 786 eligunt,
725 699 814 786 quod
822 700 904 788 ipsis
914 699 1021 766 visum
1034 699 1143 777 fuerit,
1157 701 1346 787 quemquod

135 803 259 870 dictum
270 805 353 869 esta
365 801 506 867 Domino
516 823 575 890 per
585 800 777 890 Prophetas,
790 801 1015 888 Evangelium,
1024 801 1219 890 'Apostolos
1245 801 1346 885 Quum

134 905 237 992 igitur
256 926 360 990 neque
379 902 618 970 ecclesiasticae
640 902 834 991 cognitionis
861 903 1053 970 didicissent
1071 904 1231 990 mysteria
1252 927 1346 991 neque
1399 983 1400 996 χ

135 1007 285 1073 veritatis
311 1006 533 1096 percepissent
552 1007 773 1083 maiestatem,
803 1005 922 1095 quippe
945 1006 1001 1095 qui
1023 1005 1173 1072 socordes
1194 1009 1305 1072 essent
1318 1006 1347 1072 in
1399 999 1400 1028 ¹

135 1108 371 1200 perscrutando
385 1131 492 1174 rerum
512 1107 670 1196 profundo
684 1109 894 1196 legerentque
907 1107 1033 1188 leviter,
1054 1109 1236 1196 scripturae
1251 1106 1347 1174 valere

135 1207 312 1278 iusserunt.
357 1211 520 1300 Perpetuo
534 1209 714 1297 litigantes,
730 1233 766 1276 se
780 1211 885 1298 magis
901 1233 1023 1289 curare,
1042 1213 1080 1278 ut
1096 1209 1271 1276 videantur
1284 1209 1346 1300 phi·
1368 1197 1370 1204 ¹

135 1311 272 1407 losophi,
288 1333 385 1399 quam
398 1316 438 1378 ut
451 1312 728 1402 philosophentur,
744 1313 922 1380 ostendunt
936 1317 1059 1402 aperte.
1095 1313 1262 1380 Humanis
1274 1312 1346 1380 moti
1399 1355 1400 1364 κ

135 1415 340 1506 opinionibus
354 1418 483 1482 certent
497 1413 537 1480 de
551 1414 656 1503 prima
670 1415 754 1482 sede.
796 1415 898 1505 Apud
917 1439 977 1482 nos
992 1421 1102 1484 autem
1121 1437 1201 1482 vera
1224 1416 1345 1482 demon-

136 1519 265 1596 stratio,
281 1518 372 1584 cuius
387 1517 531 1584 essentie
541 1515 576 1582 in
590 1539 629 1582 eo
640 1516 792 1596 cernitur,
808 1522 847 1584 nt
861 1539 902 1584 sx
913 1520 972 1597 eis,
987 1541 1069 1604 quae
1081 1517 1269 1596 creduntur,
1285 1515 1347 1582 aliis
1399 1599 1400 1602 Ἴ

85 1687 92 1708 s
134 1621 279 1687 nondum
314 1619 446 1687 creditis
482 1618 564 1685 fides
597 1623 811 1707 comparetur.
862 1621 929 1688 Sed
957 1621 1061 1686 omnis
1090 1619 1237 1688 haeresis
1264 1639 1347 1686 auree
1399 1629 1400 1684 ζ

126 1717 254 1789 'habere
269 1722 408 1801 videtur,
432 1744 514 1808 qnae
528 1743 593 1788 non
608 1721 746 1788 audiunt
760 1722 850 1800 utile,
867 1723 1109 1790 sediucundum
1125 1725 1269 1790 tantum.
1399 1715 1400 1736 *

202 1825 268 1891 Est
279 1829 389 1892 autem
404 1823 627 1914 triplexrario
646 1818 780 1892 curandi
799 1826 931 1892 nimiam
951 1825 991 1890 de
1011 1847 1046 1892 ee
1065 1823 1138 1912 ipso
1156 1823 1346 1913 opinionem:

135 1929 278 2015 cognitio
288 1949 410 1994 ⁴crarrsae
425 1931 459 1993 et
474 1927 633 2017 quomodo
647 1926 727 1994 haee
740 1927 847 2016 possit
868 1925 998 2004 auferri,
1020 1930 1055 1992 et
1074 1926 1211 2004 tertium
1234 1925 1347 1992 animae
1399 1949 1400 2034 p

121 2029 334 2098 exercitatio.
378 2028 500 2094 Anima
514 2031 623 2096 autem
638 2027 832 2096 conturbata
853 2029 1002 2096 veritatis
1023 2028 1127 2096 lucem
1145 2029 1290 2118 perfecte
1307 2025 1346 2092 vi·
1399 2037 1400 2042 ’

138 2133 214 2200 dere
228 2155 294 2198 non
307 2133 427 2221 potest.
455 2130 551 2222 Siout
563 2131 702 2221 improbi
712 2132 803 2219 pueri
815 2131 1046 2218 Paedagogum
1059 2155 1153 2198 suum
1170 2130 1345 2203 excludunt,

136 2237 184 2302 sic
198 2233 352 2302 haeretici
367 2235 480 2300 arcent
494 2233 681 2324 prophetias
695 2233 737 2300 ab
752 2233 888 2300 ecclesia
904 2257 973 2311 sua,
990 2255 1073 2322 quac
1089 2256 1167 2300 sane
1183 2255 1251 2298 non
1265 2235 1346 2298 tuen·
1399 2225 1400 2292 l

45 2371 48 2395 ι
134 2341 190 2406 tur
204 2335 373 2407 mendacia
387 2337 623 2404 etoommenta.
668 2335 949 2419 Quemadmodum
960 2337 1070 2402 autem
1084 2335 1119 2401 in
1132 2335 1221 2402 bello
1233 2331 1347 2400 nonest

135 2439 334 2508 deserendus
348 2438 438 2516 ordo,
455 2461 552 2524 quem
566 2437 657 2504 dedit
670 2439 848 2526 imperator
858 2438 969 2504 militi:
985 2437 1034 2504 ita
1043 2459 1148 2526 neque
1161 2434 1346 2504 deserendus

111 2563 117 2579 ’
136 2545 190 2610 est
204 2541 293 2619 ordo,
314 2563 410 2626 quem
425 2541 516 2606 dedit
536 2540 631 2608 nobis
645 2541 769 2628 Leges,
791 2540 987 2628 cognitionis
1002 2539 1153 2626 vitaeque
1173 2539 1242 2607 dux
1261 2539 1346 2622 atque

134 2644 296 2733 princeps.
321 2642 386 2710 Sed
397 2641 700 2710 animadvertendae
716 2645 870 2736 sunttres
881 2643 1224 2710 animaeaffeotiones:
1239 2637 1344 2728 opinio,

134 2745 307 2834 ignoratio,
334 2743 486 2824 scientia3
509 2747 544 2812 et
556 2745 591 2812 in
605 2745 809 2832 ignoratione
828 2745 958 2831 quidem
977 2748 1149 2812 versantur
1169 2739 1344 2831 gentes3iu
1399 2783 1400 2828 p

135 2848 273 2916 scientia
286 2869 363 2913 vera
374 2847 525 2927 ecclesie,
540 2847 575 2916 in
589 2849 739 2938 opinione
754 2847 913 2916 haereses.
945 2847 1129 2936 Opinantes
1143 2847 1257 2934 igitur,
1272 2841 1344 2930 quod

135 2951 256 3026 attinet
268 2950 310 3016 ad
324 2951 550 3018 affirmandum
566 2957 635 3020 sine
649 2952 937 3028 demonstratione,
961 2974 981 3016 a
997 2948 1174 3016 scientibus
1195 2947 1275 3016 nihil
1292 2943 1343 3010 dii·
1399 2951 1400 3010 l

135 3053 254 3122 ferunt.
299 3053 365 3122 Sed
379 3055 466 3120 inter
482 3077 516 3120 se
531 3053 661 3141 quidem
675 3054 829 3122 haeretiei
844 3054 938 3120 elteri
957 3053 1077 3121 alteros
1095 3052 1290 3140 despiciunt,
1306 3043 1343 3112 illi

135 3154 309 3224 amentiam
324 3155 510 3235 hebentes,
522 3157 609 3244 quod
623 3159 657 3223 hi
673 3158 876 3247 sapientiam.
920 3155 1004 3222 Nam
1019 3157 1057 3220 ut
1072 3155 1226 3241 gentibus
1238 3151 1342 3236 uolup-

51 3291 54 3308 ·
134 3261 248 3335 tutem,
265 3257 312 3324 sio
322 3257 493 3326 haereticis
509 3261 747 3326 contentionem
763 3261 946 3328 tribuimus.
990 3256 1093 3324 Aliud
1107 3261 1160 3324 est
1174 3260 1281 3324 antem
1294 3273 1341 3318 vo·

135 3361 256 3449 luptes‚
277 3361 364 3431 aliud
379 3361 561 3438 contentio,
578 3361 667 3428 aliud
686 3362 785 3430 etiam
806 3361 961 3448 gaudium
982 3360 1151 3438 ecclesiae,
1182 3357 1269 3429 aliud
1286 3349 1342 3420 veri

135 3462 278 3550 gnostici
292 3462 428 3528 laetitia.
473 3461 753 3544 Quemadmodum
769 3465 872 3552 igitur
892 3464 921 3530 si
935 3461 1008 3548 quis
1022 3461 1233 3530 Ischomache
1247 3482 1282 3526 se
1294 3456 1341 3522 de·

26 3557 30 3565 ¹
135 3563 221 3632 derit
234 3565 483 3643 instituendum,
498 3552 551 3632 hic
566 3587 639 3632 eum
653 3565 751 3632 faciet
765 3565 955 3654 agricolam
973 3565 1001 3630 si
1014 3563 1188 3654 Lampadi,
1204 3565 1339 3632 nauum

135 3670 170 3734 et
185 3665 389 3744 Charidemo,
404 3666 646 3755 imperatorem3
669 3673 703 3736 et
718 3669 853 3746 Simoni,
868 3668 1035 3754 equitandi
1050 3690 1203 3755 gnarum3
1226 3669 1260 3732 et
1271 3663 1339 3730 Per·

31 3789 33 3792 ·
135 3769 210 3847 dici,
233 3791 426 3858 cauponem3
450 3772 484 3834 et
498 3766 654 3849 Crobulo,
677 3771 883 3839 obsoniorum
899 3771 1096 3838 conditorem
1103 3795 1112 3850 3
1136 3774 1170 3836 et
1190 3763 1338 3837 Archilw,

136 3871 341 3950 saltatorem3
364 3874 399 3938 et
413 3871 574 3952 Homero,
597 3876 726 3962 poetam
733 3899 742 3952 3
765 3877 799 3940 et
818 3873 990 3960 Pyrrhoni,
1010 3874 1189 3960 litigiosum
1196 3895 1206 3948 ς
1228 3871 1262 3935 et
1279 3864 1337 3932 Do-

133 3973 307 4051 mostheni,
323 3976 482 4056 oratorem
491 3999 500 4053 3
523 3978 558 4042 et
573 3973 766 4065 Chrysippo,
781 3975 1003 4051 dialecticum
1025 3982 1061 4042 ct
1071 3971 1253 4048 Aristoteli,
1267 3966 1337 4056 phy·

136 4073 237 4143 sicum
244 4099 253 4152 ;
276 4078 309 4140 et
324 4075 465 4156 Platoni,
482 4077 722 4168 philosophum:
745 4079 810 4156 ita,
831 4079 889 4164 qui
914 4082 1008 4166 paret
1027 4077 1171 4145 Domino
1191 4073 1337 4142 etdatem

123 4167 193 4266 ¹per
203 4199 275 4244 eum
289 4179 435 4266 sequitur
444 4180 659 4270 prophetiam,
671 4177 814 4268 perfecte
823 4181 963 4248 efficitur
972 4173 1335 4262 addoctorisimrginem

134 4279 215 4347 deus
230 4283 379 4348 versatur
392 4281 427 4350 in
446 4304 552 4368 carne.
595 4282 700 4350 Ducit
713 4287 822 4352 autem
837 4283 930 4352 Deus
946 4281 1116 4370 scripturis
1132 4279 1281 4348 divinitus
1292 4270 1335 4336 in·

135 4380 277 4469 spiratis.

200 4481 268 4552 Sed
282 4484 425 4554 cuiusvis
440 4486 566 4576 peccati
583 4486 743 4579 principia
758 4490 836 4556 sunt
849 4487 929 4556 duo:
951 4486 1114 4576 ignoratio
1130 4487 1165 4554 et
1184 4469 1332 4588 imbecilli·

96 4605 98 4610 ’
134 4585 203 4664 tae;
225 4586 399 4677 utrumque
418 4591 527 4658 antem
540 4589 576 4658 in
589 4593 703 4660 nestra
716 4592 957 4682 estpotestate.
1000 4589 1047 4658 nt
1060 4611 1160 4658 unum
1175 4583 1331 4676 quemn
