2820 5052
684 337 687 352 ’
732 382 793 450 rea

153 591 263 639 verum
282 571 345 648 est,
377 589 619 658 supervacanea
639 574 718 636 sunt
732 569 907 658 praecepta
923 571 959 636 et
971 569 1091 638 veteris
1110 571 1146 638 et
1158 568 1236 638 novi
1250 569 1367 636 Testa·

149 671 261 751 menti,
277 693 378 761 quum
391 673 509 738 natura
522 671 584 738 fiat
600 670 709 738 salvus
723 670 829 750 homo,
844 673 884 739 ut
898 671 969 739 vult
979 671 1186 751 Valentinus,
1203 673 1239 738 et
1251 673 1371 738 natura

148 773 193 841 sit
206 773 310 840 fidelis
326 771 517 851 etelectus,
538 773 572 838 id
583 773 670 860 quod
680 773 843 840 Basilides
860 773 1022 862 opinatur.
1044 775 1161 855 Potuit
1172 775 1300 842 scilicet
1313 775 1371 852 ita,

149 877 328 956 cred0,sine
334 875 466 944 Domini
473 876 738 944 adveutunatura
745 875 918 962 aliquando
925 874 1159 964 splendescere.
1175 877 1373 946 SinDomini

149 979 311 1047 adventus
325 978 540 1057 necessarius,
556 979 721 1046 evanescit
735 981 872 1044 naturae
882 977 1086 1069 privilegium
1100 980 1236 1068 propter
1250 981 1372 1048 doctri·

148 1105 220 1162 nae,
235 1081 443 1172 purgationis
459 1101 658 1170 operumque
673 1079 830 1148 bonomm
845 1079 1085 1154 necessitatem.
1130 1082 1196 1150 Sed
1216 1083 1373 1152 Abrabae

151 1185 377 1272 quoquefides,
390 1182 526 1250 utliberi
536 1181 663 1250 arbitrii
673 1181 809 1260 fructus,
825 1181 872 1248 ad
883 1181 1083 1256 iustitiam
1098 1187 1372 1273 reputataest.

150 1285 211 1354 Sin
225 1287 344 1356 veteris
361 1285 566 1352 Testamenti
580 1283 687 1350 iustos
704 1282 880 1350 secundum
894 1283 1093 1352 Marcionem
1110 1285 1233 1352 servari
1248 1286 1371 1354 dixeris

111 1377 116 1392 '
149 1411 170 1454 a
184 1385 351 1468 Creatore,
366 1388 603 1470 haereticorum
624 1385 691 1464 illo,
717 1385 793 1452 boni
814 1385 865 1451 dei
885 1390 1083 1474 potestatem
1103 1386 1308 1466 obscurabis,
1336 1393 1372 1456 ut

149 1491 204 1577 qui
220 1514 292 1560 sero
306 1495 405 1579 etque
419 1490 599 1558 imitatione
621 1487 758 1556 salutem
778 1487 949 1576 praebeat,
970 1489 1068 1576 idque
1087 1489 1139 1558 vel
1158 1492 1191 1558 vi
1210 1489 1262 1558 vel
1284 1491 1369 1570 dolo,

148 1616 213 1680 qua
227 1616 262 1661 re
276 1595 403 1662 tollitur
416 1595 489 1684 ipsa
510 1594 562 1660 dei
581 1592 722 1666 bonitas.
767 1589 833 1659 Sed
852 1589 1006 1670 haeretici
1025 1593 1199 1671 manifesto
1219 1597 1367 1661 amentes

147 1697 279 1767 ostensi
324 1697 496 1764 Semitas
514 1695 614 1764 enim
636 1716 767 1768 eorum
783 1695 877 1768 sunt
891 1715 1103 1780 perversae
1118 1698 1159 1763 et
1171 1696 1368 1767 nesciunt

147 1821 289 1887 pacem.
334 1798 498 1866 Stultos
527 1787 659 1864 autem
692 1799 733 1864 et
759 1795 985 1867 ineruditas
1013 1797 1278 1884 quaestiones
1307 1799 1367 1866 vi-

145 1904 249 1989 tare,
276 1901 434 1970 divinitus
460 1899 610 1968 hortatus
637 1898 749 1972 dmuit
778 1897 918 1978 Paulus,
955 1898 1138 1986 quoniam
1166 1907 1368 1988 generent

146 2025 310 2092 pugnas.
354 2003 438 2070 Nam
453 2025 524 2070 eam
539 2002 685 2090 quidem,
711 2021 794 2087 quac
815 2023 975 2073 unacum
996 2001 1059 2072 fide
1073 2003 1237 2082 convenit,
1265 2025 1366 2090 quae·

146 2106 295 2185 ationem,
311 2128 394 2193 quae
411 2127 510 2193 supra
524 2103 772 2175 fundamentum
787 2103 863 2176 fidei
883 2104 1035 2180 aedificat
1052 2105 1259 2192 magnificam
1279 2106 1364 2173 veri·

145 2208 226 2274 tatis
242 2207 470 2296 cognitionem,
493 2205 650 2295 optimam
671 2229 744 2277 esse
769 2206 904 2282 ecimus.
950 2205 1168 2290 Quaestiones
1187 2209 1301 2275 autem
1315 2208 1365 2276 vel

143 2311 241 2377 nimis
255 2309 463 2388 manifestae,
485 2308 587 2376 velde
602 2309 659 2397 eis,
681 2332 764 2396 quas
779 2333 907 2398 semper
931 2308 1110 2376 manebunt
1128 2309 1291 2390 incertae,
1313 2310 1366 2376 vel

142 2412 326 2501 probabiles
341 2433 443 2500 aeque
457 2433 498 2476 ex
512 2413 650 2496 utraque
665 2415 770 2500 parte,
782 2413 834 2480 vel
842 2414 949 2482 minus
965 2417 1074 2480 certae
1088 2412 1129 2479 de
1143 2411 1206 2481 lide
1221 2435 1289 2480 nou
1304 2413 1363 2478 ad·

143 2514 336 2594 mittuntur3
360 2514 418 2580 sed
433 2513 461 2578 si
477 2514 651 2599 quaerendi
665 2535 764 2582 causa
778 2511 927 2584 omnibus
942 2515 1047 2584 modis
1062 2514 1103 2582 de
1114 2514 1220 2582 medio
1231 2513 1363 2586 sublata
1408 2581 1409 2584 ,

143 2616 217 2694 erit,
231 2616 312 2684 fides
329 2615 503 2683 stabilitur.
526 2613 612 2680 Illud
626 2617 746 2712 autem,
762 2619 876 2684 conba
890 2617 976 2702 quod
990 2617 1054 2690 diat
1063 2639 1133 2694 ‚nou
1144 2619 1268 2707 petest,
1282 2617 1362 2684 deus

148 2722 211 2798 est,
228 2718 284 2806 qui
298 2719 383 2785 etde
397 2739 591 2804 unoquoque
605 2739 725 2796 eorum,
741 2718 782 2789 de
797 2717 1050 2806 quibusquaero,
1065 2719 1168 2790 tradit
1177 2719 1360 2809 inscriptis.
1407 2707 1408 2720 ¹

144 2821 230 2904 Quis
245 2825 298 2889 est
311 2843 389 2909 ergo
403 2821 484 2888 adeo
499 2843 519 2886 a
532 2817 593 2886 dec
607 2819 742 2900 ebenus,
755 2825 796 2894 ,ut
810 2821 870 2891 deo
883 2821 1075 2898 nonoretur
1089 2825 1133 2900 et,
1148 2825 1308 2908 tanquam
1323 2821 1362 2890 ab

143 2922 338 3008 bominibus,
354 2924 449 2989 adeo
463 2922 754 2996 demonstrationes
767 2925 930 3014 postulet?
946 2923 1034 2998 Sunt
1044 2913 1142 2997 atisin
1154 2924 1361 3016 quaestiones
1404 2993 1405 3006 q

142 3025 313 3105 absurdae,
329 3027 410 3094 aliae
426 3026 555 3114 quidem
571 3047 669 3092 sensu
683 3049 817 3116 prorsus
833 3029 991 3104 amaus,
1009 3026 1095 3098 ,eliae
1109 3026 1144 3094 in
1158 3025 1361 3113 animadver·
1403 3093 1404 3099 ,

142 3128 266 3196 sionem
278 3127 492 3207 incurrentes,
507 3129 600 3206 aliae,
615 3151 698 3216 quae
713 3130 927 3218 castigentur,
948 3127 1083 3224 dignae,
1098 3129 1201 3196 veluti
1216 3129 1246 3196 si
1261 3152 1359 3218 quas·

141 3233 244 3310 ratur,
264 3253 342 3297 num
358 3232 404 3298 sit
423 3231 643 3308 Providentia,
664 3253 747 3318 quae
765 3231 885 3318 ubique
905 3231 1155 3320 deprehenditur
1174 3233 1358 3302 manifesta

141 3331 291 3400 Rationis
306 3335 392 3400 enim
407 3357 519 3400 sumus
540 3333 727 3420 participes,
749 3337 788 3400 ut
808 3333 927 3408 rationi
944 3334 1171 3407 conuenienter
1189 3335 1293 3405 etiam
1312 3335 1359 3402 vi-
1400 3323 1401 3326 ¹

142 3457 267 3502 ramus.
309 3434 422 3522 Neque
438 3438 546 3502 autem
560 3433 631 3500 fieri
651 3438 773 3522 potest,
794 3437 834 3500 ut
849 3434 918 3506 sine
938 3439 1052 3512 uustm
1070 3436 1171 3508 animi
1189 3439 1358 3526 proposito
1399 3433 1400 3442 ’

141 3539 218 3606 boni
233 3536 462 3627 perlectionem
478 3557 720 3626 consequamur,
735 3559 841 3626 neque
855 3539 962 3612 totum
973 3538 1007 3606 in
1018 3541 1135 3612 oostm
1148 3539 1297 3627 positum
1310 3543 1358 3608 est
1398 3533 1399 3538 ’

141 3642 323 3729 potestate;
346 3639 454 3726 gratia
473 3638 559 3704 euim
586 3660 767 3718 servamur,
794 3661 854 3710 uec
878 3662 955 3714 vero
978 3642 1050 3718 siue
1075 3641 1168 3716 bonis
1194 3641 1356 3729 operibns.

142 3739 286 3832 Oportet
295 3746 404 3808 autem
416 3743 558 3806 mentem
573 3762 701 3831 quoque
714 3740 967 3831 haberesauaru,
983 3765 1065 3833 quse
1075 3743 1165 3815 nulla
1172 3744 1357 3812 retardetur

139 3844 341 3934 poenitentia
355 3865 375 3910 a
389 3843 515 3932 pulchri
530 3841 713 3922 venatione,
728 3843 867 3933 ad'quod
882 3846 1011 3936 quidem
1025 3845 1208 3922 cenandum
1219 3847 1355 3916 maxime

138 3947 249 4014 divina
263 3966 345 4036 opus
360 3949 413 4013 est
427 3945 536 4034 gratia
548 3947 701 4036 rectaque
716 3945 874 4026 coctana,
896 3951 1051 4039 castaque
1064 3947 1165 4017 animi
1185 3949 1352 4016 affectione

97 4119 100 4131 Ι
136 4052 237 4140 atque
252 4048 363 4116 Patris
378 4047 538 4138 adipsum
552 4047 758 4120 attractione.
801 4049 914 4140 Atque
925 4053 1056 4135 terreno
1077 4071 1210 4140 corpore
1224 4049 1351 4140 illigati,

136 4174 186 4230 ea,
201 4173 284 4242 qnae
305 4149 454 4218 sensibus
474 4149 714 4239 percipiuntur,
737 4172 868 4239 corpore
887 4152 1176 4241 apprehendimur
1198 4176 1285 4244 quae
1304 4153 1350 4224 iu·

135 4253 328 4342 telligentia,
343 4253 416 4342 ipsa
430 4253 462 4320 vi
477 4252 622 4322 rationis.
666 4251 793 4334 Quodsi
808 4253 892 4342 quis,
904 4255 976 4330 soa
991 4257 1036 4326 *ul
1049 4255 1180 4324 omnia
1200 4255 1349 4326 sensibus

135 4353 401 4443 comprehendat,
435 4354 689 4444 exspectaverit,
719 4355 870 4443 longeio
894 4356 1025 4448 quidem
1055 4357 1194 4428 veritate
1219 4357 1348 4431 excidit

133 4457 337 4548 Spiritaliter
361 4458 492 4550 quidem
517 4460 605 4526 corte
629 4457 812 4546 Apostolus
840 4457 883 4526 de
903 4458 961 4535 asi
989 4458 1177 4546 cognitione
1193 4460 1344 4551 adripuit:

135 4561 324 4630 Videmus
339 4560 443 4628 enim
457 4564 759 4652 nunctanquam
773 4581 841 4650 per
861 4561 1078 4651 speculum,
1101 4565 1195 4630 tunc
1214 4566 1344 4631 autem

131 4663 239 4736 iacie
259 4663 308 4735 ad
328 4662 480 4735 taciem.
537 4661 663 4735 Similis
688 4661 774 4734 dixit
800 4661 905 4734 Plato.
959 4662 1008 4735 ut
1034 4664 1169 4756 Moyses
1194 4663 1240 4744 ds
1267 4663 1341 4736 deo:
