2830 5052
569 433 594 440 --
650 343 692 408 93

73 526 298 606 vetustates,
312 525 469 596 inserent
511 527 600 596 Sunt
614 528 699 596 enim
713 529 835 598 multoe
849 549 888 597 oo
908 528 1017 598 verim
1030 517 1124 600 stete
1143 535 1278 624 propter

71 631 201 719 piscium
223 628 501 715 dfflsmntiaoss).
550 631 648 698 Hono
666 631 771 718 igitur
795 633 1038 702 similitudinem
1064 636 1099 700 et
1122 636 1277 724 explano-

69 735 178 802 tionem
194 735 456 812 noruntomues,
472 732 551 820 quid
565 737 675 800 eutem
694 734 770 801 inde
790 738 1018 822 consequatur,
1041 734 1208 823 quidinde
1223 760 1276 806 re-

71 835 179 904 dundet
192 857 263 904 non
278 835 382 902 solum
396 835 439 902 od
452 837 556 903 totius
571 836 678 926 operis
693 836 834 905 indolem
845 841 880 905 et
889 836 1147 928 dispositionem,
1163 861 1275 908 verum

73 938 155 1006 etium
178 937 387 1026 singulorum
416 937 592 1006 liberorum
615 941 651 1006 et
675 942 826 1007 ounotum
854 940 1044 1030 disputandi
1072 941 1159 1008 viem
1188 942 1275 1009 haud

72 1041 186 1129 penitus
208 1039 577 1128 videntur‘intelligere.
619 1041 677 1106 Ad
697 1042 800 1110 totius
821 1042 907 1110 enim
927 1044 1034 1132 operis
1055 1035 1195 1111 indolem
1214 1043 1282 1124 hoo

68 1141 230 1222 redundet,
243 1145 287 1210 nt
307 1145 432 1210 eertum
451 1141 549 1208 finem
567 1159 732 1230 nunquam
753 1144 909 1233 postulet.
951 1145 1089 1214 Librum
1110 1143 1215 1224 Vnt,
1235 1145 1276 1212 de

66 1255 121 1332 quo
133 1247 221 1313 infra
245 1245 378 1314 uberius
400 1245 650 1333 disputabimus,
673 1247 825 1316 mutilum
848 1246 1015 1314 hebemus.
1059 1247 1158 1330 Quod
1180 1245 1276 1314 multi

63 1348 107 1416 its
118 1341 315 1438 querumtur,
330 1347 380 1428 ut,
396 1347 492 1416 sihio
505 1347 587 1416 liter
601 1369 698 1416 verus
717 1354 753 1417 et
769 1350 899 1438 integer
917 1349 961 1416 ed
978 1349 1273 1437 nos-pervenisset,

64 1439 164 1518 totoni
180 1451 390 1520 Strumotum
404 1472 488 1540 opus
501 1449 687 1518 absolutum
696 1452 791 1520 nobis
802 1456 943 1536 exstem,
956 1451 1082 1540 opinari
1092 1451 1274 1518 videantur.

1 1601 2 1606 η
66 1553 122 1620 Sed
135 1553 343 1621 nihilminus
358 1575 480 1623 verum.
516 1553 599 1620 Nem
615 1577 715 1641 quum
730 1554 881 1624 Clemens
897 1553 1072 1628 suonam
1087 1544 1274 1620 traditionis

68 1654 216 1746 depositus
226 1657 384 1736 hiemis,
400 1655 495 1722 modo
509 1656 633 1735 multis,
647 1657 743 1726 modo
751 1657 863 1746 paucis
873 1655 1064 1734 intentantis,
1075 1657 1274 1734 reponderet,

67 1757 161 1826 totum
173 1770 349 1847 optemus
369 1765 498 1837 nutura,
519 1759 675 1845 quamdiu
692 1763 806 1826 auctor
825 1780 844 1826 e
863 1757 1039 1827 traditione
1058 1758 1194 1828 alieuius
1215 1759 1274 1838 rei,

68 1881 139 1945 quse
151 1860 457 1936 eommuuioaretus
472 1861 590 1948 dignus
601 1861 834 1940 reoordenetur,
847 1849 1111 1950 nunqusmliniri
1124 1861 1272 1950 potuisse

72 1961 267 2032 munitestum
287 1966 354 2030 est·
392 1961 460 2029 Neo
477 1963 625 2051 psoleoto
642 1964 799 2043 mirarem»
813 1964 842 2032 si
861 1963 949 2032 XVI
970 1963 1177 2030 Stromatum·
1197 1964 1283 2043 libri

75 2066 232 2132 exstarent
239 2089 249 2143 ς
273 2066 444 2143 neotuuo,
470 2066 612 2132 suetonis
637 2089 769 2134 menum
794 2065 827 2134 iu
852 2067 926 2154 ipse
950 2064 1024 2134 libri
1049 2065 1164 2133 decimi
1190 2065 1275 2134 sexti

71 2169 216 2247 oomuide,
231 2167 319 2234 utin
334 2165 437 2232 totius
452 2168 560 2254 operis
574 2168 648 2248 fine,
663 2171 767 2236 morte
786 2171 975 2256 omuputum
994 2157 1194 2248 oonsdtisse,
1215 2191 1272 2235 ex-

67 2275 249 2356 speutorem.
295 2269 514 2351 Quamobrem
529 2293 575 2338 ne,
585 2269 706 2358 singuli
721 2270 850 2356 quidem
864 2269 940 2338 libri
959 2273 1082 2360 sertam
1103 2291 1142 2338 so
1155 2270 1270 2338 defiui-

65 2372 123 2438 tum
136 2371 185 2438 rei
200 2372 392 2458 cuiusquam
406 2371 547 2438 venitote
562 2375 597 2440 et
609 2373 735 2440 ratione
749 2372 919 2438 continent
933 2371 1119 2446 traditionis
1130 2375 1270 2461 partem,

65 2473 114 2538 sed
128 2474 156 2540 ei
172 2467 343 2541 Sttomots
357 2494 429 2540 oum
444 2474 599 2541 thesauro
612 2497 845 2564 comparemus,
864 2473 949 2544 huno
970 2475 1062 2542 libris
1082 2475 1117 2540 in
1137 2497 1269 2544 acervos

62 2577 198 2644 modicos
212 2575 426 2643 distributum
447 2599 519 2644 esse
540 2577 695 2646 dicemus.
738 2577 856 2664 Itaque
874 2598 982 2664 neque
998 2576 1072 2644 finis
1092 2577 1272 2666 imponitur

62 2678 194 2768 singulis
209 2673 313 2758 libris,
328 2683 522 2769 argumento
537 2681 677 2766 quodum
691 2679 841 2748 absoluto
862 2685 963 2754 oerto,
982 2681 1022 2746 ut
1039 2687 1124 2746 nove
1137 2701 1189 2746 res
1210 2700 1269 2746 uo·

61 2803 130 2850 vum
158 2773 310 2862 volirmen
334 2783 495 2870 postulet,
525 2784 583 2848 sed
608 2785 764 2871 „propter
788 2781 1024 2869 longitudinem
1051 2783 1210 2869 (tautum)
1236 2784 1271 2850 et

60 2885 200 2974 sopitum
224 2883 540 2971 multitudinem“²).
583 2883 681 2951 Unde
707 2885 872 2970 sequitur,
897 2883 1043 2970 singulos
1068 2882 1168 2948 libros
1193 2885 1269 2950 tan-

59 3008 151 3072 quam
172 2985 277 3054 uestis
298 2985 464 3073 stragulae
484 2985 630 3073 singulos
650 2989 762 3074 partes
782 2995 842 3073 p'er
860 3007 898 3054 se
914 3007 988 3054 esse
1007 2984 1269 3064 considerandos,
1303 3017 1306 3025 ·
1398 2983 1402 2998 ‘

58 3092 92 3156 ut
103 3092 161 3178 qni
175 3089 283 3156 colore
298 3085 388 3154 vsiio
404 3087 552 3162 distincti
566 3087 651 3153 alter
660 3088 759 3154 elteri
773 3087 984 3156 sintussuti.-
1014 3085 1081 3169 Qui
1100 3101 1178 3174 ergo
1198 3109 1268 3157 oer-

59 3192 125 3258 tum
139 3191 296 3274 ordinem,
311 3183 448 3278 equue
463 3189 545 3256 sutis
567 3182 786 3270 menifestum,
806 3190 855 3258 itu
874 3190 1070 3267 desiderent,
1091 3190 1130 3256 ut
1149 3187 1269 3276 ubique

59 3298 115 3362 eut
127 3293 206 3362 muli
217 3295 277 3360 eut
290 3293 379 3360 oleae
394 3297 454 3358 eut
466 3293 774 3373 fiuusinrenisntur‚
788 3293 822 3360 hi
833 3293 962 3380 quidum
974 3294 1085 3362 errant
1095 3291 1268 3360 vehemen-

58 3397 116 3462 ter.
159 3391 414 3492 Emsnt'sutem
432 3417 498 3462 noo
517 3397 636 3476 minus,
657 3397 713 3484 qui
732 3395 835 3464 libros
851 3397 901 3466 itu
918 3396 1004 3464 iuter
1024 3416 1059 3460 se
1078 3394 1268 3466 ooniunotos

58 3519 127 3565 esse
147 3501 282 3588 putent,
309 3500 402 3564 utin
424 3499 551 3566 schedis
572 3502 702 3566 tontum
720 3499 874 3587 deineeps
900 3520 936 3568 oe
958 3496 1139 3586 exoipisnt,
1166 3496 1269 3576 „nihil

59 3617 225 3667 commune
238 3595 421 3668 hebentes“¹
433 3601 531 3667 eliud
558 3601 643 3668 Nem
659 3599 825 3686 Clemens,
839 3601 897 3688 qui
909 3600 1026 3688 [rogen
1045 3602 1114 3674 tum
1139 3599 1268 3688 sopien-

58 3703 107 3768 ter
118 3702 200 3770 feeit
212 3702 562 3791 primumlortontem,
582 3703 696 3772 deinde
711 3707 913 3781 educantem,
928 3701 1067 3790 denique
1086 3702 1267 3781 dueentem,

58 3804 175 3895 inipso
194 3804 339 3874 docendo
357 3803 573 3878 distribuendi
594 3807 802 3894 prudentium
817 3805 908 3873 houd
927 3825 1060 3893 prorsus
1080 3803 1267 3892 neglexerit.

59 3905 102 3974 Et
126 3930 206 3976 sens
230 3909 302 3998 ipse
325 3905 500 3996 agricolam
524 3907 658 3998 plautus
681 3909 805 3976 fertiles
825 3905 1073 3996 transponendo
1096 3905 1267 3994 pulchrum

57 4007 183 4078 hortum
194 4024 348 4078 exornare
358 4032 455 4100 posse
463 4010 600 4090 letetur,
610 4011 643 4076 id
654 4011 752 4098 quod,
764 4011 830 4078 nisi
839 4010 949 4078 ordine
960 4008 1267 4096 quodemletento

59 4113 111 4182 sed
123 4113 239 4184 lectori
259 4114 374 4182 solenti
394 4113 579 4203 (agrioolee)
599 4113 775 4203 perspicuo
790 4116 824 4180 et
843 4115 956 4203 aperto
976 4110 1139 4199 generalis
1160 4111 1265 4178 tredi-

57 4213 151 4284 tionie
165 4213 265 4282 besto
283 4219 393 4306 eapite
413 4238 486 4284 sese
503 4215 678 4306 excipiant,
699 4215 847 4304 quamvis
868 4215 931 4285 levi
948 4215 1078 4288 tantum
1097 4215 1133 4282 et
1152 4213 1265 4283 obdito

51 4317 290 4420 ssententiarum
310 4320 534 4392 eoniunetione
553 4321 589 4389 et
607 4319 859 4402 oontinuetione,
883 4318 993 4390 neseio
1018 4317 1178 4406 quomodo
1197 4317 1266 4389 sat

58 4458 256 4474 m

109 4539 133 4610 ¹)
150 4539 337 4607 psol-tot.

106 4625 134 4692 ¹)
152 4628 246 4730 strom.
259 4625 296 4684 11.
307 4643 328 4682 s.
339 4627 358 4680 f.
371 4643 394 4692 p
408 4625 469 4686 tot.
483 4663 519 4690 ...
532 4623 580 4686 out
590 4623 622 4685 td
634 4626 721 4700 μῆκος
732 4643 761 4684 rs
771 4621 820 4683 uod
830 4625 939 4698 πλῆθος
949 4624 1118 4700 κεφαλαίων.
