2884 5058
156 491 244 546 num,
259 467 370 536 tamen
380 464 548 633 postremo
563 461 728 536 abeodem
739 463 900 554 Apostolo
914 459 1068 530 reduetus
1083 461 1137 530 est
1150 461 1190 528 ad
1205 461 1361 552 poeniten·

156 571 237 638 tiam
252 573 287 638 et
302 570 406 636 sancti
396 567 520 634 it.atem
563 563 691 633 Deinde
710 565 829 632 librum
844 564 1008 634 concludit
1022 563 1082 632 hoc
1100 566 1265 632 modo.-
1304 564 1363 648 Qui
1413 597 1414 600 ¹

25 685 27 692 ’
135 661 141 682 ’
158 673 243 740 enim
258 674 370 760 poenrt
343 668 477 736 tentiae
500 667 651 756 angelum
671 669 723 736 hic
737 669 867 757 recipit,
838 667 990 734 t-haud
995 691 1067 734 eum
1083 671 1162 734 tune
1176 669 1344 772 poenitent
1338 692 1363 734 ra

158 773 293 850 subibit,
309 795 407 858 quum
424 771 539 859 corpus
555 770 736 861 reliquerit3
758 793 862 860 neque
876 770 1052 838 contundet
1037 775 1092 838 tur
1107 758 1348 842 Servatorem'
1324 795 1364 835 vr·

157 877 237 943 dens
253 874 435 942 venientem
456 896 528 938 cum
544 873 715 940 maiestate
737 896 796 940 sua
816 877 850 938 et
869 873 991 940 exercit
993 895 1023 940 ιι
1069 871 1129 938 Sin
1155 875 1265 940 autem
1285 873 1363 959 quis·

158 979 246 1074 piam
258 997 387 1042 manere
402 975 494 1042 malit
479 979 613 1066 tatque
633 973 818 1060 delinquere
839 998 901 1065 quo
902 975 1011 1042 tidie
1002 999 1036 1040 m
1050 975 1275 1066 voluptatibus
1289 975 1365 1040 volu·

159 1085 252 1149 tans:
265 1079 303 1146 ⁴is
319 1099 399 1144 neve
414 1077 520 1156 deum,
536 1099 617 1146 neve
632 1077 764 1146 divitias
786 1083 926 1156 accuset,
949 1099 1031 1144 neve
1044 1077 1130 1164 qued
1149 1081 1249 1144 antea
1268 1077 1366 1166 lapsus

161 1181 216 1258 sit,
232 1171 294 1246 sed
306 1202 397 1246 suam
411 1179 514 1268 ipsius
527 1180 677 1258 animam,
693 1202 776 1270 quae
789 1181 860 1268 ipse
875 1184 990 1270 sponte
1004 1180 1155 1252 intereat.
1184 1181 1279 1246 Patri
1293 1203 1366 1256 vero,
1391 1209 1393 1214 ·

160 1283 217 1372 qui
232 1281 332 1352 estin
352 1282 465 1358 ecelis,
497 1283 552 1369 qui
577 1269 690 1350 veram
708 1284 951 1350 sanctimoniam
972 1283 1137 1370 vitamque
1154 1283 1281 1350 tribuet
1301 1282 1366 1348 nulli

161 1384 543 1464 obnoxiammutationi,
573 1386 637 1476 ipsi
654 1409 727 1453 eum
742 1387 827 1452 Filio
847 1386 923 1450 lesu
940 1383 1089 1470 Christo,
1118 1385 1174 1476 qui
1189 1385 1367 1454 vivorumet

160 1490 362 1586 mortuorum
377 1487 538 1554 Dominus
554 1491 616 1566 est,
632 1511 689 1577 per
705 1488 863 1577 Spiritum
884 1491 1032 1554 sanctum
1052 1488 1097 1554 sit
1116 1487 1238 1575 gloria,
1270 1489 1365 1564 honor,

160 1592 321 1680 potestas,
337 1593 469 1656 aeterna
483 1593 648 1669 maiestas,
664 1615 750 1658 nunc
764 1595 798 1658 et
811 1613 937 1678 semper
952 1593 986 1656 et
999 1591 1033 1656 in
1042 1591 1270 1690 generationes
1283 1613 1366 1680 gene·

160 1691 322 1777 rationum
338 1696 372 1758 et
385 1693 419 1758 in
435 1694 543 1760 secula
559 1693 749 1760 seculorum.
793 1693 916 1760 Amenl
935 1731 973 1742 -

191 1853 195 1862 .
225 1795 265 1863 In
290 1793 351 1862 hoe
370 1794 452 1861 libro
475 1793 626 1878 Clemens
651 1778 725 1862 vere
745 1799 781 1862 et
800 1793 999 1860 admirabilis
1015 1795 1147 1862 exsistit
1166 1797 1202 1864 et
1223 1793 1366 1862 amabilis.

164 1897 370 1988 Quamquam
381 1897 443 1976 loci
454 1897 541 1964 illius
552 1899 592 1964 de
604 1898 704 1964 divite
714 1898 984 1988 interpretationi,
997 1921 1092 1988 quarn
1103 1896 1285 1987 proposuit,
1295 1895 1367 1962 haud

30 1997 39 2010 ⁴
162 2021 294 2090 prorsus
307 2001 478 2080 assentior,
499 2040 540 2050 -·
563 2001 605 2066 ad
619 1999 752 2068 verbum
768 2001 853 2068 enim
873 2023 946 2066 eum
965 2001 1104 2090 explico,
1122 2039 1161 2050 -·
1189 2003 1298 2066 tamen
1312 2021 1366 2063 non

161 2125 305 2196 possum,
326 2101 404 2192 quin
417 2101 643 2182 subtilitatem,
670 2127 733 2192 qua
754 2101 949 2170 sententiam
972 2125 1062 2168 suam
1085 2101 1232 2170 stabilire
1260 2102 1372 2180 studet,¹

163 2205 311 2282 admirer,
328 2227 432 2270 amem
447 2209 556 2270 autem
577 2205 681 2272 virum
702 2207 797 2271 tanta
817 2205 935 2272 amoris
950 2203 1080 2272 flamma
1099 2227 1158 2296 pro
1174 2206 1308 2272 caritate
1325 2201 1366 2269 dei

62 2395 65 2404 Ι
94 2337 128 2396 χ
160 2305 389 2399 hominumque
401 2309 556 2376 locutum.
571 2344 614 2358 -

743 2476 803 2562 §.e

387 2578 446 2644 De
475 2576 641 2666 seriptis
671 2571 894 2644 Clementis
923 2577 1159 2667 deperditis.

227 2697 254 2765 Ι.
297 2697 461 2765 Eusebius
487 2697 552 2763 duo
576 2697 781 2786 potissimum
809 2695 989 2765 Clementis
1015 2722 1112 2790 opera
1136 2700 1231 2766 novit
1255 2716 1362 2784 magna,

163 2823 300 2893 quorum
315 2802 423 2889 prius,
449 2803 477 2865 ct
496 2799 692 2886 Στρωματεῖς
714 2803 809 2878 ὀκτὼ,
841 2805 1014 2894 postquam
1034 2801 1310 2878 commemoravit,
1335 2797 1361 2860 dt

161 2905 264 2972 altero
279 2903 358 2992 haec
371 2903 490 2969 tradit:
513 2904 616 2980 „sunt
626 2901 794 2968 totidem
809 2927 986 2985 numere,
1009 2903 1235 2992 atqueilli,(1.
1250 2925 1277 2968 e.
1292 2899 1362 2980 octo)
1415 2911 1416 2976 1

33 3081 44 3098 χ
164 3009 234 3076 eius
259 3005 557 3074 Ὓποτιπώοεων
586 2981 745 3082 libri,
735 3031 770 3071 m
795 3005 913 3096 quibus
934 3005 1136 3074 Pantaenum
1157 3009 1196 3074 ut
1219 3007 1362 3074 doctorem

164 3135 258 3181 suum
273 3109 464 3178 nominatim
479 3109 652 3184 memorat,
683 3103 978 3197 explicationes
995 3107 1116 3174 buius
1140 3109 1314 3176 scribens
1333 3105 1363 3168 et

163 3212 414 3280 traditiones
436 3195 672 3299 exponens“
680 3213 718 3292 ¹).
761 3209 916 3276 Ηοοι
841 3211 899 3298 rgi
902 3214 955 3276 tur
975 3209 1294 3301 opusgravissimum
1308 3205 1362 3271 Ειι-

165 3315 275 3382 sebius
300 3307 496 3402 introspexit
521 3312 684 3398 integrum
710 3313 1053 3433 atque,iuterposit1s
1079 3335 1225 3380 vacuum
1268 3312 1362 3396 Atque
1415 3351 1416 3372 ;

161 3419 398 3504 Hieronymus:
414 3413 643 3493 „Feruntur
617 3435 685 3478 erus
702 3411 950 3498 (Clementis),
941 3417 1058 3505 inquit,
1073 3409 1361 3502 insigniavolu·
1415 3403 1416 3456 l

162 3521 279 3599 mina,
317 3518 512 3628 plenaque
548 3515 792 3582 eruditionis
832 3520 872 3584 et
909 3517 1181 3602 eloquentiae,
1218 3519 1294 3582 tam
1327 3509 1363 3576 de

59 3696 64 3704 ,
163 3605 384 3712 s'cripturie
407 3617 572 3696 divinis,
602 3641 712 3703 quam
740 3619 785 3684 de
808 3619 1003 3686 secularis
1026 3607 1321 3686 litteraturae'
1312 3635 1361 3678 m

163 3725 401 3794 strumento.
445 3719 617 3806 Equibus
638 3721 695 3787 illa
721 3725 813 3788 sunt:
783 3723 887 3788 ιΣτ
890 3728 1039 3810 ριματεῖς
1061 3722 1135 3790 libri
1159 3724 1247 3798 oct03
1239 3718 1361 3784 *lum
1415 3743 1416 3818 p

162 3832 362 3895 τυπώοεων
396 3823 492 3890 libri
518 3826 684 3903 oerore).
738 3823 901 3891 Etalias:
939 3823 1115 3902 „Clemens
1139 3819 1361 3890 Alexandrinae
1415 3827 1416 3852 ¹

162 3931 316 3999 ecelesiae
330 3925 512 4018 presbyter,
528 3949 600 3992 meo
615 3925 733 3992 iudicio
744 3926 885 3992 omnium
898 3871 1147 4006 erirditissimur,
1162 3929 1235 3993 οοιο
1247 3916 1361 4008 scripsit

164 4035 367 4103 Stromatum
385 4028 485 4096 libros
506 4029 541 4095 et
568 4028 736 4108 totidem
759 4027 1072 4112 Ὕποτυιιώσεων,
1095 4029 1130 4095 et
1150 4027 1246 4096 alium
1264 4023 1360 4095 contra

166 4207 346 4218 Μ.-

218 4325 245 4392 ¹)
262 4323 298 4379 H.
312 4340 334 4378 e.
346 4323 394 4380 Vl.
414 4325 458 4382 1³2
481 4319 627 4395 όοόριθμοό
646 4319 800 4388 τιτούτοις
817 4324 1023 4395 (Σιρωμοιιέων
1040 4318 1143 4393 λόγοις)
1164 4321 1230 4380 εἰσιν
1247 4318 1272 4375 ai
1287 4313 1357 4381 ιιιγε·

162 4407 313 4484 γραμμένοι
322 4404 546 4466 ιἸιιοιιιιιιόσεοιι·
564 4405 650 4466 cisami
661 4403 745 4480 λόγοι·
761 4409 791 4466 ἐν
804 4408 845 4475 cic
855 4405 986 4481 όνομοιοιι
998 4403 1222 4478 mediterranea,
1236 4403 1284 4480 apri
1294 4399 1356 4456 Πᾱιι

162 4497 259 4653 scirpo
270 4489 442 4568 μνημονεύει,
454 4491 568 4566 dudezela
578 4516 608 4554 τι
617 4492 704 4554 αὐτοῦ
714 4491 833 4569 γράφων
844 4496 893 4554 καὶ
903 4491 1073 4570 παραδόσεις
1085 4492 1265 4568 ἐκτιθέμενοι·
1286 4569 1291 4580 ¹

215 4586 228 4616 ²
257 4584 298 4636 De
312 4587 359 4642 vir.
371 4585 405 4639 ill.
418 4601 441 4636 c.
457 4584 499 4639 38.
588 4588 597 4596 '
