2884 5058
371 986 375 994 '
541 988 720 1092 capue
742 991 835 1076 IV.
949 941 952 948 Δ

474 1157 516 1230 us
530 1158 687 1272 tlsnents
701 1159 896 1252 philosopho·

345 1454 349 1464 .
631 1414 633 1422 ’
666 1473 667 1478 1
691 1418 720 1480 1,
1147 1465 1151 1475 ,

186 1523 304 1610 Quid
326 1499 605 1628 philosqphrim
626 1419 860 1622 distinguat
881 1553 901 1596 ι
922 1531 1168 1620 philosopho.

122 1646 273 1736 Lingua
288 1647 453 1718 Germana
467 1675 545 1720 vose
555 1655 699 1744 'quadam
714 1653 819 1720 utitur
834 1651 915 1720 setis
926 1652 1165 1740 actamquae,
1177 1639 1290 1738 quain-

62 1747 106 1813 ιιι
127 1749 347 1840 philosophis
367 1757 403 1828 et
420 1759 579 1844 usurpata
599 1757 644 1821 sit
664 1761 699 1822 et
718 1755 830 1823 audita
856 1755 1037 1822 sexcenties
1062 1755 1225 1832 omnibus,
1248 1777 1290 1822 au

17 1851 18 1864 ¹
63 1853 241 1940 perpsueis
267 1854 378 1920 ιιιιιέιι
397 1857 507 1922 neseio
526 1860 659 1946 cognite
681 1857 725 1925 sit
750 1863 849 1944 etque
872 1862 1053 1948 perspecta.
1096 1857 1162 1924 Est
1181 1857 1309 1945 autem,

62 1955 280 2042 notissimum
301 1957 382 2023 illud
408 1957 680 2048 Standpunot,
702 1961 791 2048 quod
814 1961 917 2028 latina
942 1965 1020 2044 γόοι
1045 1981 1178 2050 prorsus
1203 1959 1289 2026 idem

64 2054 257 2126 declarante
272 2059 364 2126 reddi
378 2062 502 2148 nequit.
531 2060 598 2131 Sed
613 2087 651 2130 ea
665 2064 699 2130 in
713 2063 767 2130 illo
783 2063 938 2130 vocabulo
953 2065 1003 2130 vis
1016 2065 1114 2146 inest,
1137 2084 1201 2148 que
1215 2059 1288 2148 phi„
1390 2135 1394 2144 ,

63 2157 242 2250 losephum
260 2187 279 2228 a
293 2163 485 2252 philosopho
499 2165 742 2254 distinguimus.
776 2167 893 2254 Itaque
907 2163 1154 2254 philosophandi
1169 2163 1221 2228 vie
1236 2165 1289 2244 est

64 2263 313 2353 principalis
333 2289 373 2332 ac
387 2267 482 2346 ictio,
504 2289 600 2354 quem
616 2291 693 2334 voce
710 2269 918 2356 Stsndpunct
932 2266 1113 2356 significare
1128 2265 1286 2332 volumus.

65 2361 173 2445 Quam
200 2369 377 2454 rationem,
397 2370 502 2457 qualis
524 2371 578 2449 sit,
599 2371 641 2436 ut
656 2371 840 2438 accuratius
855 2371 1028 2448 diseamus,
1053 2369 1131 2455 quid
1149 2368 1221 2457 ipsa
1236 2366 1287 2434 sit

65 2465 278 2559 philosophia
309 2473 546 2540 consideremus
576 2475 714 2562 oportet.
774 2471 899 2556 Quodsi
926 2471 1162 2560 philosophiam
1190 2490 1286 2558 quom
1315 2555 1319 2558 ι

63 2571 212 2654 maxime·
232 2575 428 2660 generaliter
452 2575 684 2656 definierimus,
716 2576 808 2660 hanc-
830 2595 902 2642 esse
932 2575 1000 2640 veri
1024 2573 1207 2642 inveniendi
1233 2570 1285 2638 vel

64 2674 172 2756 potius
196 2675 419 2762 cognoscendi
446 2679 590 2744 studium
610 2677 831 2764 tacebimus).
877 2677 1018 2743 Verum
1038 2679 1148 2744 autem
1169 2673 1284 2744 in-hao

63 2771 306 2845 definitions'id
324 2779 398 2846 'esse
412 2779 617 2858 arbitremur,
633 2781 746 2866 inquo
760 2802 851 2846 mens
867 2782 980 2844 nostra
995 2779 1169 2864 tranquille
1185 2781 1283 2863 atque

64 2873 158 2946 beata
173 2873 376 2968 acquiescet.
421 2883 527 2972 Atqui
548 2883 845 2972 acquiescet‘mens
864 2887 978 2946 nostra
997 2901 1162 2969 uunquam
1180 2879 1214 2946 in
1233 2900 1282 2956 eo,

65 2981 146 3068 quod
162 2985 261 3051 cadit
276 2983 336 3052 sub
352 2997 478 3060 sensus,
493 2988 532 3050 ut
546 2985 632 3074 quod
646 2985 753 3072 ipsum
769 3005 827 3072 per
847 3005 882 3048 se
901 2981 991 3061 nihil,
1011 3004 1075 3071 quo
1095 2982 1283 3049 constanter

65 3081 200 3166 nitetur,
213 3085 345 3152 habeat.
369 3085 435 3152 Sed
447 3089 498 3152 est
509 3087 673 3176 quiddam,
693 3087 780 3175 quod
791 3088 957 3152 sustentat
968 3085 1175 3172 continetque
1189 3080 1280 3158 illud,

66 3187 146 3270 quod
161 3179 317 3270 sensibus
331 3187 519 3278 percipitur,
534 3188 645 3278 ipsum
657 3189 785 3278 quidem
796 3187 915 3276 partim
927 3185 1160 3275 quodammodo
1176 3191 1234 3274 p'er
1245 3203 1281 3254 ee

67 3291 300 3368 sustentatum,
316 3291 436 3372 partim
449 3291 548 3358 etism
569 3313 702 3379 prorsus
722 3313 781 3380 per
801 3309 846 3358 se.
889 3290 1002 3380 Atque
1023 3287 1181 3359 eiusmodi
1202 3287 1280 3383 sunt

66 3393 366 3472 rerum'esseuties,
388 3415 523 3483 quarum
543 3392 692 3479 multae
711 3395 751 3458 ut
771 3393 899 3458 orestas
918 3391 1198 3482 quodammodo
1216 3411 1278 3478 ,per

67 3508 98 3554 se
114 3493 357 3576 sustentantur,
380 3519 458 3562 une
478 3499 587 3562 autem
609 3497 708 3584 quum
723 3497 775 3570 ιιι
788 3496 860 3560 tum
874 3495 1007 3561 exsistit
1027 3495 1096 3562 sine
1115 3492 1218 3560 ullius:
1232 3491 1279 3560 'rei

66 3599 224 3675 praeter
212 3620 319 3688 ipsam
341 3619 411 3686 ope.
453 3597 504 3664 nt
524 3619 599 3664 vero
625 3601 714 3676 sinit,
738 3597 795 3686 qui
819 3597 1039 3664 huiuscemodi
1064 3595 1279 3664 essentiarum

67 3683 280 3767 differentiam
295 3698 431 3791 nogenti
475 3697 690 3768 Nihildminus
704 3699 738 3766 hi
750 3722 881 3798 quoque
893 3701 933 3768 in
942 3700 1093 3768 essentiis
1108 3679 1169 3768 ut
1159 3721 1194 3767 m
1210 3697 1278 3786 solo

68 3815 140 3864 vero
151 3802 420 3894 acquiescendum
442 3823 514 3868 esse
535 3803 664 3870 demum
684 3802 917 3882 concedent,
891 3825 958 3869 sius
978 3800 1138 3868 essentias
1157 3799 1245 3866 ab
1217 3821 1276 3877 ers,

68 3917 145 3986 quoe
160 3904 264 3986 oculis
284 3903 463 3987 cernimus,
477 3905 675 3984 discernunt,
695 3906 763 3972 sive
782 3904 843 3972 hoc
863 3904 958 3994 aliter
978 3925 1049 3970 sese
1068 3901 1186 3970 hebere
1206 3901 1276 3989 opi

68 4008 194 4086 emtus,
218 4007 292 4074 aliis
311 4006 501 4085 essentias
491 4029 527 4072 ιιι
551 4005 733 4079 homin-ibus
760 4007 874 4076 solis
864 4027 971 4073 messe
996 4003 1276 4083 contendentibus,

68 4101 135 4172 eliis
145 4110 280 4209 proprie
294 4133 350 4178 eas
366 4131 431 4176 non
445 4131 517 4178 esse
531 4109 595 4175 nisi
605 4109 640 4175 in
655 4109 751 4178 rebus
767 4109 911 4176 externis
925 4107 992 4174 dict
992 4107 1165 4176 itantibus.
1271 4149 1274 4169 ι

130 4207 224 4293 eoae
237 4212 398 4304 quudrite
413 4211 496 4290 sint,
504 4208 670 4280 Clementi
680 4211 910 4290 Alexandrino,
921 4209 1155 4300 philosophiam
1164 4228 1275 4280 essens

69 4303 183 4384 ᾗὅιίιίιι
203 4315 372 4384 scientiam
391 4315 443 4384 vel
459 4313 563 4382 etisnr'
586 4313 804 4402 cognitionem
828 4312 1010 4393 definienti,
1035 4309 1198 4382 assentiri
1210 4325 1276 4408 noq

71 4404 294 4520 dubitabimus.
330 4417 544 4558 Quamquam
561 4416 614 4488 his
634 4417 743 4490 vobis
751 4416 988 4510 philosophiae
995 4415 1071 4488 finis
1091 4412 1207 4504 potus:
1217 4411 1274 4488 des

71 4529 265 4581 Τ-π--ηι-

119 4582 146 4654 ¹)
155 4565 254 4684 Strqnq
263 4591 289 4649 1.
284 4591 398 4679 sors
408 4592 460 4650 did
459 4550 571 4688 ,ttius

1424 4481 1425 4532 l

1423 4733 1425 4824 l
