2972 5048
678 355 741 429 ‚29

109 541 187 612 illud
201 537 284 608 mibi
300 537 431 626 quidem
445 537 616 626 placuerit,
638 539 666 608 si
680 541 742 608 viri
757 539 893 619 eruditi,
914 539 999 609 alius
1017 541 1121 619 aluid,
1141 540 1326 631 ubicunque

107 641 250 721 obvium,
268 641 465 728 conquirant
478 661 550 707 cum
566 665 631 710 uno
644 642 922 712 communicaturi.
936 681 978 694 --
994 642 1060 711 Sed
1076 652 1154 711 suut
1172 645 1270 712 etiarn
1291 647 1326 713 in

107 743 292 813 Clementis
308 739 471 831 operibus,
488 765 570 830 quae
585 743 702 832 corrigi
716 747 846 834 possint
860 745 911 811 vel
926 747 995 812 sine
1012 747 1104 813 codd.
1119 769 1198 813 mss.

177 859 294 926 Altera
311 863 421 926 autem
436 860 515 928 baec
527 860 724 928 ratiomulta
734 863 930 930 restituendi
940 887 1015 929 vera
1025 865 1059 930 in
1068 865 1212 953 ipsorum
1225 865 1327 956 scrip-

113 967 216 1032 torum
231 961 477 1030 continuatione
492 967 591 1050 atque
606 965 840 1030 sententiarum
849 966 1144 1054 disputationisque
1162 970 1326 1056 perpetui-

110 1069 179 1134 tate
198 1063 312 1154 posita
332 1068 396 1132 est.
439 1065 497 1133 Fit
511 1066 596 1132 enim
611 1071 762 1134 accurate
776 1067 898 1156 legenti
912 1067 999 1134 haud
1018 1091 1106 1147 raro,
1128 1072 1167 1134 ut
1186 1070 1241 1136 vix
1261 1069 1327 1136 ulla

107 1191 157 1249 re,
183 1169 250 1235 nisi
274 1169 376 1235 oculis
397 1167 536 1256 apertis,
562 1171 602 1234 ut
621 1167 670 1235 ita
695 1169 819 1248 di'cam,
842 1193 923 1260 opus
946 1171 1005 1248 sit,
1031 1172 1125 1258 quin,
1151 1173 1229 1258 quid
1253 1195 1326 1240 vere

108 1270 271 1359 scriptum
288 1271 334 1338 sit
347 1293 368 1338 a
382 1267 566 1348 Clemente,
590 1271 703 1338 statim
717 1275 752 1338 et
766 1271 859 1359 quasi
881 1275 996 1362 sponte
1017 1278 1184 1361 agnoscat.
1229 1273 1326 1359 Quod

106 1377 146 1441 ut
159 1371 314 1462 probem,
335 1371 492 1440 nonnulla
511 1371 623 1440 licebit
642 1373 789 1463 exempla
808 1397 849 1441 ex
869 1371 1102 1444 Cohortaticne
1122 1400 1208 1446 nunc
1227 1401 1325 1466 quum

107 1475 251 1543 maxime
265 1475 362 1544 obvia
378 1475 520 1542 breviter
534 1497 702 1564 exponere.
1433 1529 1436 1536 ,

119 1577 127 1610 ‘
173 1576 215 1645 In
232 1574 469 1645 Cohortatione
483 1578 586 1666 igitur
600 1578 642 1644 ad
658 1575 803 1645 Graecos
819 1601 853 1666 p.
869 1579 900 1645 3.
915 1577 971 1647 liu.
987 1580 1027 1646 25
1043 1577 1122 1646 haec
1137 1579 1306 1668 leguntur:
1402 1567 1410 1583 '

196 1681 300 1747 Γλυκύ
315 1705 343 1747 τι
356 1683 409 1748 καὶ
424 1681 568 1766 ἀληθινὸν
584 1683 745 1766 φάρμακον
761 1683 920 1753 πειθοῦς
940 1682 1121 1769 ἐγκέκραται
1141 1685 1187 1768 rqi
1202 1681 1327 1770 ᾄσματι.

109 1781 213 1867 Quod
229 1783 257 1850 si
271 1782 315 1848 ad
329 1782 462 1850 verbum
478 1782 579 1848 latine
592 1781 838 1861 reddiderimus,
853 1782 902 1848 ita
917 1781 1081 1849 sehabet:

201 1885 329 1964 „Dulce
343 1883 503 1971 quoddam
519 1887 554 1950 et
568 1906 678 1950 verum
701 1882 979 1973 persuasionis
1001 1905 1160 1952 venenum
1180 1907 1252 1954 cum
1267 1885 1328 1956 boc

204 1987 325 2055 cantico
340 1985 549 2055 commixtum
564 1990 650 2054 est.“
715 2071 721 2076 ⁵
1210 2055 1212 2062 ,

117 2088 222 2184 Atqui
234 2089 396 2157 canticum
411 2089 471 2156 hoc
485 2092 538 2156 est
552 2087 623 2176 ipse
638 2087 689 2154 dei
706 2087 803 2156 filius.
847 2087 936 2171 Quid
951 2087 1049 2174 ergo?
1070 2085 1156 2155 Num
1177 2089 1228 2155 dei
1242 2089 1327 2159 filius
1358 2101 1364 2108 “

113 2214 223 2259 rerum
235 2195 288 2258 est
301 2191 521 2280 persuasionis
537 2192 715 2259 venenum?
739 2190 800 2257 Vel
814 2193 853 2255 ut
863 2189 949 2255 idem
961 2189 1033 2256 aliis
1045 2189 1151 2257 verbis
1159 2213 1308 2277 quaeram
1318 2217 1328 2257 r

110 2317 189 2360 num
219 2293 273 2359 dei
298 2293 384 2360 tilius
412 2307 538 2360 omnem
563 2291 805 2379 persuasionem
831 2313 971 2380 semper,
997 2291 1132 2379 ubique,
1158 2298 1247 2360 certo
1272 2317 1329 2360 ex-

109 2395 233 2486 pellet?
249 2397 326 2480 Quo
344 2415 422 2462 saue
436 2393 516 2460 nihil
531 2393 702 2462 absurdius
719 2393 895 2480 excogitari
912 2397 1033 2483 potest.
1055 2395 1194 2462 Accedit
1208 2399 1327 2477 autem,

109 2499 199 2586 quod
213 2497 254 2566 de
274 2495 485 2587 persuasione
503 2495 564 2563 boc
583 2495 653 2564 loco
669 2496 747 2562 nihil
766 2519 901 2584 prorsus
921 2495 1041 2582 agitur.
1085 2495 1200 2584 Itaque
1219 2521 1329 2566 rocem
1432 2539 1438 2552 =

108 2604 242 2674 πειθοῦς
265 2603 452 2689 corruptum
485 2597 587 2665 babeo
617 2603 651 2666 et
676 2599 804 2664 falsum.
850 2599 1056 2684 Quamquam
1088 2599 1325 2688 Sylburgianae

108 2703 265 2772 editionis
279 2703 440 2791 interpres
456 2724 523 2767 rem
537 2701 658 2791 optime
673 2701 854 2790 expediisse
868 2701 998 2768 videtur
1011 2701 1062 2768 bis
1079 2703 1202 2770 verbis:

197 2803 263 2885 „In
277 2827 341 2890 quo
355 2803 496 2872 carmine
510 2804 685 2871 iucundum
698 2803 859 2890 quoddam
871 2807 906 2870 et
916 2803 958 2869 ad
969 2803 1226 2892 persuadendum
1234 2807 1329 2895 ‘penis

196 2909 256 2974 tus
270 2907 394 2974 factum
410 2905 678 2973 medicamentum
693 2909 911 2994 temperatum
927 2910 1013 2972 est.“

175 3021 247 3092 Sed
263 3022 444 3091 sententiae
458 3023 554 3090 huius
570 3023 619 3088 vis
635 3025 738 3089 totam
757 3023 1011 3112 disputationem
1028 3023 1208 3112 perturbat.
1242 3021 1330 3108 Quid

113 3126 258 3204 tandem,
273 3147 404 3212 quaeso,
419 3125 460 3192 de
475 3125 684 3216 persuasione
695 3125 755 3191 hoo
765 3125 854 3191 loco?
875 3123 916 3190 Id
927 3127 1056 3190 tantum
1068 3117 1331 3194 discrimeninter

118 3225 316 3296 Graecorum
331 3232 500 3317 poetarum
514 3227 656 3294 carmina
669 3231 704 3294 et
718 3225 880 3294 canticum
894 3225 974 3292 illud
988 3225 1199 3295 christianum
1211 3232 1330 3298 statui·

114 3331 179 3411 tur,
197 3330 287 3419 quod
302 3331 344 3396 ad
358 3330 557 3398 dulcedinem
580 3333 614 3398 et
633 3353 745 3420 pacem
765 3327 949 3396 hominibus
970 3329 1236 3397 reconciliandam
1256 3357 1331 3424 per-

110 3435 206 3500 tinet
252 3431 479 3500 Persuasicnis
503 3433 607 3521 igitur
631 3432 718 3499 vocis
749 3433 896 3520 ineptum
923 3430 1066 3500 sentiens
1095 3433 1251 3502 Potterus
1283 3437 1332 3502 ita

112 3535 417 3625 interpretationem
433 3537 592 3624 corrigere
606 3539 742 3604 conatus
758 3538 826 3601 est:

199 3635 356 3718 „Etenim
371 3639 464 3707 dulce
486 3637 648 3726 quoddam
667 3641 702 3704 et
719 3638 754 3702 in
774 3636 889 3703 animis
910 3635 1075 3704 hominum
1095 3643 1211 3728 potens
1232 3639 1330 3730 phar-

200 3761 330 3807 macum
344 3762 417 3808 oum
431 3740 492 3808 hoc
506 3741 634 3808 cantico
647 3739 855 3807 commixtum
870 3741 956 3806 est.“

179 3856 249 3926 Sed
267 3857 346 3926 haec
365 3858 511 3948 proiecto
538 3859 775 3948 interpretandi
799 3857 934 3925 licentia
957 3859 1059 3926 maior
1078 3860 1139 3924 est.
1182 3857 1232 3924 At
1255 3881 1331 3928 vero
1443 3847 1448 3858 ⁸

112 3959 212 4028 buius
227 3959 290 4027 loci
305 3959 503 4029 hauddubie
523 3960 668 4050 corrupti
688 3960 848 4028 medicina
871 3957 1063 4027 invenienda
1088 3957 1168 4023 nihil
1192 3959 1330 4032 facilius.

113 4063 269 4131 Proxime
282 4063 369 4130 enim
383 4063 492 4142 verba,
508 4061 680 4150 dequibus
695 4061 833 4150 agimus,
849 4063 1013 4129 antecedit
1026 4082 1140 4128 versus
1155 4059 1306 4131 Homeri:

202 4163 366 4251 Νηπενθές
381 4165 419 4244 τ’,
434 4165 548 4253 ἄχολόν
564 4189 608 4244 τε,
624 4171 727 4232 κακῶν
743 4165 889 4252 ἐπίληθες
905 4167 1042 4231 ἁπάντων
1055 4165 1098 4248 ¹).

118 4265 227 4351 Quod,
244 4265 286 4333 ad
300 4269 334 4333 rb
348 4261 436 4354 dopo
451 4268 483 4332 τὸ
492 4269 600 4335 Ικαινὸν
614 4266 827 4344 referendum,
841 4265 903 4334 hoo
917 4265 1073 4334 declarat:

174 4533 360 4610 ι).0(1γααδ.
376 4537 482 4596 atto
507 4529 635 4594 Adria*
615 4531 658 4608 αρ’
683 4532 1106 4612 εἰααῖαονβάλεφάρμακαν,
1131 4534 1214 4594 bosv
1237 4533 1331 4654 ἔπαυον

124 4619 333 4694 Nqorrdier’
347 4617 448 4700 ἄχολόν
458 4642 496 4695 ra,
512 4623 607 4682 κακῶν
619 4619 778 4696 ἐπίληθες
762 4618 902 4682 caduca.
