2972 5048
617 331 818 432 Α

169 517 226 586 De
239 517 445 587 Stromotum
458 519 597 607 denique
608 519 772 586 codicibus
788 519 867 588 haee
876 517 970 584 dioit:
994 517 1056 596 „ln
1078 539 1194 583 sua...
1209 517 1323 584 horum

106 618 290 689 Clementis
314 622 461 709 Operum
481 617 622 690 editione
642 623 808 688 Hervetus
827 622 923 688 unius
945 619 1169 686 tantummodo
1188 620 1324 686 inaer-

102 723 214 790 reeti·
231 723 354 790 oodieis
369 724 493 812 eopiam
510 745 544 790 se
563 724 717 794 babuisse
736 725 868 792 latetur.
912 723 980 789 Nos
1000 745 1077 788 vero
1096 722 1131 786 in
1151 719 1239 800 aliis,
1260 745 1324 807 qua

106 825 287 912 potuimus,
302 825 416 892 maiori
432 825 606 914 diligentia·
615 825 733 912 ubique
754 827 822 892 sire
836 828 950 892 nostra
971 825 1038 891 sive
1053 823 1228 890 amicorum
1246 845 1326 890 eura

110 925 333 1014 perquirendis
354 927 516 996 codicibus
540 951 665 996 omnem
680 949 783 1016 paene
802 951 934 1017 operam
959 927 1169 1016 perdidimus.
1213 925 1325 992 Unum

109 1027 194 1094 enim
210 1029 375 1104 duntaxat
388 1029 423 1096 in
438 1027 691 1100 claromontano
704 1031 838 1110 huiusne
855 1032 965 1118 regiae
985 1029 1076 1095 urbis
1091 1029 1131 1094 R.
1146 1029 1187 1094 R.
1230 1027 1269 1093 P.
1285 1028 1325 1092 P.

106 1131 288 1202 societatis
303 1131 386 1198 Jesu
403 1130 548 1220 Collegio
564 1132 725 1202 Graecum
747 1133 911 1220 exemplar
929 1133 1122 1199 invenimus.
1153 1131 1216 1214 'At
1235 1129 1325 1209 illud,
1355 1145 1360 1162 “
1481 1145 1482 1156 ’

105 1256 238 1300 summa
252 1233 427 1310 Haeduini,
442 1235 547 1302 doctis
562 1237 711 1302 omnibus
726 1237 899 1314 notissimi,
921 1235 1123 1300 humanitate
1137 1234 1231 1300 uobis
1248 1257 1326 1322 rup-

106 1335 306 1424 peditatum,
328 1337 450 1404 reeenti
470 1361 567 1404 manu
587 1339 621 1404 in
642 1339 755 1406 charta
776 1360 957 1428 papyraeea
981 1337 1195 1425 descriptum,
1221 1335 1328 1424 eapite
1429 1355 1430 1362 ¹

108 1437 211 1506 sienti
225 1438 371 1516 ineditis
387 1440 546 1506 minutum
560 1445 623 1506 est.
645 1440 762 1507 Plures
778 1441 877 1508 etiam
890 1441 925 1506 in
939 1461 977 1506 eo
991 1442 1165 1507 oeeurrunt
1178 1437 1326 1504 librario·

109 1562 183 1606 rum
214 1542 461 1610 amanuensium
486 1565 609 1610 errores
635 1547 670 1609 et
693 1543 821 1632 lapsus,
848 1543 904 1629 qui
930 1543 999 1609 sine
1025 1541 1160 1607 aliorum
1182 1541 1328 1606 eodioum
1391 1585 1394 1590 ,

111 1645 233 1712 auxilio
253 1645 311 1712 vix
330 1667 350 1712 a
370 1668 531 1732 quoquam
549 1649 690 1732 possunt
714 1645 887 1712 emendari.
933 1644 1057 1712 Omnes
1082 1647 1193 1710 tamen
1213 1663 1253 1708 ex
1273 1641 1328 1710 illo
1370 1660 1372 1668 ’

110 1749 260 1816 diversas
280 1745 323 1814 ab
342 1747 441 1814 editis
460 1748 614 1816 lectiones
633 1749 745 1838 sedulo
770 1749 922 1816 collectas
946 1747 1070 1836 publici
1091 1746 1278 1832 aliquando,
1300 1745 1329 1810 si

110 1873 172 1939 per
186 1849 289 1916 otium
309 1849 422 1928 lieeet,
446 1849 526 1916 iuris
546 1849 716 1929 faeiemus,
742 1851 794 1918 vel
814 1873 888 1918 eum
907 1851 948 1915 iis
971 1849 1097 1917 lubenti
1117 1849 1223 1914 animo
1241 1869 1330 1912 eom-

116 1951 364 2029 munieabimus,
379 1951 435 2038 qui
450 1973 551 2020 novae
565 1951 678 2019 borum
701 1950 881 2020 Clementis
904 1953 1106 2020 Stromatum
1125 1949 1330 2018 adornandae

122 2053 270 2122 editionis
284 2053 483 2143 provinciam
498 2047 531 2120 iri
549 2077 583 2122 se
600 2056 763 2148 supuipere
777 2055 961 2122 voluerint“
971 2057 1014 2143 1).
1052 2054 1180 2136 Quibus
1196 2053 1330 2132 aceedit,
1380 2070 1382 2079 ·

117 2157 205 2242 quod
218 2155 493 2224 Moutalaloonius
514 2157 716 2226 Stromatum
736 2158 863 2225 eodiees
889 2179 968 2224 mss.
993 2160 1123 2245 praeter
1148 2153 1332 2222 Medioeum

113 2259 171 2326 vix
184 2279 325 2344 usquam
339 2262 469 2326 exstare
483 2264 594 2326 namet
605 2269 651 2347 2);
674 2264 842 2348 praeterea
853 2248 1115 2326 autemVeuetiis
1129 2257 1332 2346 apudAnto-

115 2361 208 2430 niun
229 2357 416 2450 Capellam,
444 2359 621 2444 Patricium
643 2363 821 2440 Venetum,
847 2363 881 2428 in
903 2359 1023 2429 Codice
1053 2360 1246 2446 bombycino
1278 2381 1331 2426 se·

112 2463 179 2532 auli
193 2463 278 2532 XIV
297 2468 450 2553 excerpta
463 2464 588 2552 prolixa
602 2487 643 2590 px
658 2463 835 2533 Clementis
853 2465 1019 2531 stromatis
1031 2487 1051 2529 a
1062 2485 1096 2529 se
1109 2485 1180 2529 esse
1192 2466 1331 2551 reperta.

114 2567 274 2635 Potterus
289 2569 399 2634 autem
409 2568 443 2634 in
454 2567 659 2635 Praelatione
670 2567 821 2634 editionis
835 2567 1138 2634 snaeadLeetorem
1150 2565 1332 2653 „seriptum

114 2669 367 2736 Stromatum
390 2670 554 2758 exemplar
577 2671 700 2738 nullum
728 2671 830 2738 oeulis
857 2672 925 2737 suis
949 2669 1147 2758 perlustrare
1177 2668 1334 2733 licuisse“
1420 2663 1425 2670 ’

113 2772 250 2840 fatetur.
292 2771 566 2843 Montelaloonius
587 2773 672 2838 enim
696 2773 757 2839 hae
777 2774 812 2850 in
826 2795 861 2838 re
875 2775 983 2862 ipsum
1005 2771 1141 2838 adiuvit.
1186 2770 1333 2848 „Verum

115 2875 178 2944 boo
192 2897 257 2952 me,
273 2873 391 2960 inquit,
406 2897 504 2961 quum
519 2874 706 2954 infortunio,
727 2879 798 2942 tum
813 2898 909 2942 onere
928 2875 1050 2941 levavit
1065 2873 1116 2939 vir
1135 2871 1334 2938 clarissimus
1399 2879 1411 2894 “

115 2977 350 3048 Bernardus
376 2976 732 3056 Montelaleonius,
755 2978 811 3064 qui
837 2999 895 3065 pro
921 2977 1090 3051 acerrimo,
1117 2995 1181 3058 quo
1208 2993 1335 3059 semper

116 3083 219 3160 ardet,
233 3077 439 3148 humaniores
450 3079 577 3148 litteras
588 3081 797 3169 promovendi
810 3079 918 3144 studio
929 3079 1092 3143 variantes
1103 3076 1258 3141 lectiones
1270 3095 1336 3145 non

123 3183 222 3252 salum
238 3203 280 3248 ex
295 3179 518 3273 Ottoboniano
527 3228 536 3260 ,
557 3181 612 3268 qni
627 3203 737 3246 eorum
752 3181 925 3268 prolixiora
947 3177 1105 3266 quaedam
1124 3177 1334 3263 Fragmenta,

118 3289 172 3356 sed
187 3309 232 3356 ex
249 3283 425 3354 Parisiensi
440 3286 537 3352 e'tiam
555 3281 691 3361 Codice,
712 3285 768 3370 qui
788 3285 953 3370 integrum
980 3281 1226 3350 Stromatum
1252 3299 1335 3368 opus

115 3387 360 3478 complectitur,
380 3389 535 3454 adcurate
550 3387 731 3475 descriptas
758 3387 800 3452 ad
820 3408 871 3452 me
890 3385 1089 3451 transmisit:
1113 3407 1212 3470 quas,
1236 3403 1336 3472 quum

116 3491 216 3582 paulo
234 3489 338 3556 serius
352 3489 507 3556 advectae
521 3512 586 3556 nou
601 3493 697 3556 antea
712 3489 754 3554 ad
769 3495 883 3554 manu's
895 3510 983 3553 meas
996 3492 1222 3575 pervenerunt,
1236 3507 1335 3572 quam

116 3593 245 3684 priores
260 3594 400 3678 quatuor
419 3591 493 3658 libri
514 3614 586 3661 oum
608 3591 715 3677 quinti
734 3591 892 3680 principio
907 3613 924 3657 e
939 3590 1048 3679 praelo
1069 3589 1267 3664 evasissent,
1294 3585 1337 3651 ad

118 3697 242 3766 aloem
269 3692 389 3783 Operis
411 3693 508 3762 simul
532 3693 728 3762 exhibendas
754 3681 896 3761 curavi.“
939 3693 1056 3778 ltaque
1081 3714 1182 3758 unum
1207 3691 1337 3754 tantum

119 3800 325 3869 stromatum
348 3793 500 3864 Codioem
519 3797 775 3885 manuscriptum
800 3796 905 3862 adhue
930 3795 1089 3860 novimus.
1132 3792 1215 3858 Nam
1234 3791 1337 3868 illum,

118 3904 213 3974 euius
228 3899 388 3968 Nourriue
404 3891 599 3966 mentionem
623 3901 701 3967 feeit
722 3895 967 3966 Claromontani
988 3894 1142 3982 Collegii,
1158 3917 1176 3958 e
1190 3893 1338 3958 Medloeo
1440 3935 1446 3944 -

118 4005 322 4094 descriptum
335 4001 437 4068 videri
452 4001 622 4070 Fabricius
636 4003 701 4068 iam
717 4000 956 4076 animadvertit,
970 3997 1006 4064 id
1020 3999 1106 4084 quod
1120 3997 1194 4061 inde
1207 3995 1248 4060 fit
1261 4015 1337 4082 pro-

120 4106 246 4184 babile,
274 4105 361 4191 quod
380 4107 516 4190 uterque
537 4105 659 4172 eisdem
683 4103 791 4170 verbis
816 4101 987 4168 mutilatus
1013 4103 1073 4165 est.
1114 4097 1220 4184 Atqui
1244 4097 1339 4164 Pari-

123 4207 242 4276 siensis
254 4205 408 4293 ,recenti
427 4227 526 4272 manu
546 4206 581 4272 in
601 4207 714 4273 oborta
733 4225 916 4294 papyraoea
936 4202 1120 4289 descriptus
1140 4204 1231 4279 est;“
1261 4221 1344 4286 ergo

125 4313 183 4380 aut
196 4334 239 4380 ex
252 4309 432 4379 vetustiore
448 4309 595 4378 Medioeo
609 4309 681 4396 ipso
695 4307 850 4388 manavit,
866 4307 924 4373 aut
935 4303 1050 4370 saltem
1065 4325 1105 4368 ex
1119 4302 1338 4383 ademunde

125 4450 326 4466 ffl-

181 4535 208 4600 ι)
225 4535 244 4586 l.
257 4549 281 4586 e.
292 4549 319 4598 p.
331 4533 392 4590 eoo.

180 4621 207 4688 ¹)
223 4618 254 4674 la
264 4620 354 4673 Diario
365 4616 454 4672 Italico
464 4633 491 4684 p.
501 4619 544 4674 bt.
