2820 5052
611 343 675 408 249

26 507 32 528 '
52 525 155 613 gisem,
171 523 340 594 amabilem
354 465 444 594 illam
464 527 499 594 e't
519 525 739 596 admirabilem
759 523 980 593 adumbrandc
1001 525 1130 611 assequi
1150 545 1247 592 cona-

51 633 100 696 tur.
140 627 260 696 Etboc
273 629 405 697 minime
419 628 667 718 reprobandum.
710 629 842 696 Etenim
856 630 923 696 ista
942 630 1030 694 certe
1051 628 1160 694 aetate
1178 630 1248 696 tam
1301 721 1304 726 ι
1394 645 1395 650 ’

50 753 155 810 crassa,
170 733 209 798 ut
221 732 272 798 ita
285 731 401 812 dicam,
416 731 590 800 manifesta
603 731 815 822 potentiaque
835 731 977 798 omnium
998 729 1153 819 scelerum
1174 729 1247 796 ubi-

50 857 100 920 que
113 835 257 923 exempla
273 832 367 900 obvia
382 835 486 912 erant,
501 836 668 902 utcontra
682 834 781 902 etiam
795 833 929 901 uirtutis
949 833 1147 922 pietatisque
1165 831 1247 898 ima·

50 935 142 1022 gisem
161 938 320 1023 tanquam
339 936 446 1002 vivam
467 939 544 1003 antc
564 938 673 1006 oculos
694 957 813 1027 ponere
832 957 914 1024 opus
935 938 1033 1002 esset.
1068 935 1247 1003 ¹Summum

50 1040 140 1102 autem
155 1037 276 1134 bonum
292 1035 454 1106 Clementi
468 1039 597 1107 videtur
611 1043 630 1128 ἡ
646 1047 770 1126 ponar}
794 1037 1019 1106 summobono
1040 1041 1174 1105 ornatus
1194 1041 1246 1106 at-

50 1139 228 1225 quebeatus
244 1144 298 1208 est
314 1141 506 1221 Gnosticus,
529 1143 595 1229 qui
618 1142 755 1210 summi
776 1143 816 1208 in
837 1141 961 1208 terris
983 1139 1075 1206 boni
1097 1141 1249 1230 accipit

48 1243 255 1329 οἰκονομίαν
278 1247 320 1312 et
345 1243 466 1312 ver'bo
489 1247 530 1312 et
556 1243 727 1328 facto¹);
760 1243 851 1312 ouius
879 1241 1129 1320 amabilitatem,
1155 1243 1248 1311 cuius

48 1365 142 1431 pacem
155 1345 345 1434 legentibus
360 1346 490 1436 stipsis
505 1348 732 1436 acquirendam
748 1345 911 1436 proponit.
956 1343 1026 1410 Iam
1044 1367 1144 1431 quum
1159 1367 1243 1426 eurn,

49 1445 91 1531 qui
104 1446 183 1516 hanc
197 1449 373 1539 imaginem
386 1450 442 1517 diu
455 1451 574 1517 etcum
586 1471 694 1518 amore
706 1447 968 1526 consideraverit,
982 1469 1047 1514 non
1062 1447 1158 1516 modo
1172 1469 1249 1517 mox

48 1549 130 1617 etiam
150 1551 212 1618 eibi
234 1555 302 1642 ipsi
320 1551 579 1620 desideraturum
599 1575 672 1620 esse
687 1553 793 1620 'buius
821 1551 1075 1630 similitudinem,
1102 1551 1160 1622 sed
1178 1551 1248 1618 fieri

49 1671 159 1740 quoquc
173 1655 347 1744 paullatim
368 1657 403 1722 et
422 1656 654 1745 quasi‘sponte
674 1655 704 1722 ei
726 1655 880 1735 similem,
906 1654 1019 1743 negari
1043 1653 1130 1720 band
1150 1651 1248 1723 ,facile

48 1755 136 1839 possit
143 1779 152 1834 3
176 1755 331 1824 Clemen's
348 1761 461 1846 (autem
482 1747 644 1846 postulet,
671 1761 710 1824 ut
728 1757 768 1836 is,
790 1759 845 1844 qui
866 1757 947 1825 velit
970 1755 1094 1836 discere
1114 1759 1167 1842 τὴν
1187 1763 1249 1824 τῶν

49 1857 191 1942 δογμάτων
212 1861 358 1948 θεωρίαν,
380 1862 425 1928 sit
446 1864 590 1940 sanctus,
615 1861 735 1928 mundo
760 1861 835 1928 novi
861 1861 968 1926 cordis
995 1859 1098 1938 oculo,
1124 1859 1248 1928 virtute

49 1961 170 2041 'gnostici
185 1963 371 2050 praeditus:
393 1964 568 2051 imaginem
588 1963 675 2032 illius
697 1947 925 2029 summobono
946 1961 1106 2029 exstructi
1127 1961 1248 2052 duplici

49 2061 164 2129 coneilio
184 2065 357 2152 ostendere
377 2067 515 2144 videtur,
537 2089 636 2152 quum
656 2069 695 2132 ut
715 2067 822 2132 sciant
840 2065 1003 2154 discipuli,
1029 2087 1093 2152 quo
1113 2065 1259 2132 tendere

49 2158 179 2245 debeant,
194 2171 267 2260 tum
284 2171 325 2234 'ut
347 2168 591 2234 similitudinem
612 2169 763 2256 imaginis
783 2168 937 2234 nonnulla
958 2167 1072 2233 saltem
1094 2189 1134 2232 ex
1152 2168 1269 2260 partex

48 2265 207 2335 reddantur
222 2269 410 2362 participes.
437 2271 549 2358 Atque
564 2271 672 2339 nescio
687 2271 942 2338 an'Aristcteles
959 2291 1097 2358 quoque,
1112 2269 1246 2357 penitus

48 2361 250 2438 inhumanam
266 2376 416 2452 naturam
431 2373 675 2464 introspiciens,
709 2373 769 2441 hoc
789 2373 958 2440 eonsilium
984 2393 1056 2438 cum
1082 2371 1181 2460 priori
1205 2371 1247 2439 de

49 2487 155 2539 summo
172 2474 259 2542 bono
274 2477 465 2562 inquirendo
477 2477 686 2564 copulaverit,
701 2477 735 2543 id
750 2477 837 2565 quod
852 2481 866 2564 §
882 2479 901 2543 2
916 2475 969 2544 De
980 2475 1080 2541 Paed.
1095 2467 1246 2542 indicari.
1338 2496 1345 2508 ‘
1379 2459 1386 2482 ί

98 2573 160 2642 Std
185 2573 222 2643 in‘
248 2575 424 2646 Stromatis
451 2581 529 2667 quid
554 2583 758 2668 praestatum
783 2579 898 2658 luerit,
921 2579 959 2652 si
985 2600 1139 2666 quaeras,
1165 2577 1246 2644 illud

47 2668 145 2757 ipsum,
159 2681 305 2767 inquam,
321 2683 441 2771 duplex
455 2683 625 2749 consilium
641 2686 771 2750 secutus
789 2679 945 2749 Clemens
955 2683 1016 2746 τὸν
1031 2683 1167 2769 ἠθικὸν
1183 2681 1245 2746 ld-

46 2793 95 2854 ror
107 2779 152 2846 ita
166 2783 393 2870 pertractavit,
409 2787 448 2850 ut
462 2783 609 2872 legentes
625 2789 659 2853 et
679 2809 774 2872 quem
795 2787 836 2851 ad
855 2785 952 2850 finem
971 2782 1144 2850 tenderent
1163 2781 1245 2868 dog-

47 2879 118 2944 maa
131 2881 284 2974 deinceps
300 2886 462 2953 discentes
478 2886 607 2967 scirent,
624 2893 657 2955 et
671 2889 792 2976 optime
807 2885 924 2954 morati
945 2887 997 2952 vel
1016 2907 1140 2952 morum
1161 2883 1246 2950 chri-

48 2977 208 3052 stianorum
225 3009 333 3056 amore
348 2989 477 3056 incitati
500 2989 615 3056 saltem
635 2991 676 3056 ad
697 2991 851 3078 dogmata
870 2988 1093 3078 cognoscenda
1112 2986 1246 3053 accede·

46 3083 113 3147 fent-
156 3088 247 3172 Quid
262 3091 368 3156 enimi
387 3091 473 3160 Num
488 3091 556 3158 falli
571 3117 623 3160 me
638 3095 736 3172 dices,
752 3095 838 3182 quod
852 3094 913 3160 hoc
928 3093 1041 3159 centra
1061 3086 1245 3177 opinionem

47 3188 256 3276 ltrvulgatam
283 3197 382 3280 atque
408 3195 592 3262 adamatam
616 3198 765 3267 omnibus
792 3197 952 3264 affirmare
979 3193 1135 3260 audeam?
1179 3189 1246 3258 Sed

47 3280 270 3374 demonstrabo,
287 3295 383 3365 breve
397 3298 519 3366 iaciens
538 3303 649 3368 tamen
668 3303 702 3368 in
723 3325 758 3368 re
779 3299 995 3390 apertissima.
1038 3296 1087 3362 Et
1104 3293 1244 3384 primum

47 3386 159 3467 quidem
173 3398 278 3465 totius
295 3403 420 3488 septem
434 3402 588 3471 librorum
603 3405 787 3492 argumenti
801 3403 926 3471 indoles
945 3405 1019 3492 ipsa
1039 3401 1092 3466 est
1111 3399 1244 3466 demon-

48 3487 157 3563 stratio.
201 3499 330 3566 Deinde
345 3525 421 3569 vero
437 3501 587 3572 Clemens
608 3505 738 3574 disertis
759 3507 865 3574 verbis
886 3503 1040 3583 declarat,
1054 3505 1191 3580 ¹sextum
1210 3507 1246 3571 et

47 3595 204 3678 teptimnm
221 3602 423 3670 Stromatum
437 3607 548 3688 libros,
565 3609 682 3696 quibus
705 3612 869 3696 ὁήθνκὸς
891 3612 999 3695 λόγος
1014 3609 1244 3698 pertractetur,

46 3700 170 3772 gnostici
184 3705 365 3772 describere
380 3708 501 3775 vitam
512 3715 552 3793 ²).
582 3713 700 3778 Restat
714 3714 817 3801 igitur
831 3713 870 3790 ei,
887 3713 942 3798 qui
958 3711 1144 3787 Stroma'ti's,
1161 3731 1244 3795 quae

46 3802 173 3884 exstant,
194 3809 350 3894 dogmata
372 3811 524 3900 explicari
547 3815 724 3892 contendit,
744 3818 783 3880 ut
802 3815 881 3880 baec
906 3815 1047 3901 quinque
1066 3811 1157 3878 libris
1178 3811 1243 3877 iam

46 3891 189 3990 absolutis
204 3911 360 3977 contineri
376 3913 475 3980 dicat.
521 3917 742 3995 Atenimvero,
755 3916 820 3982 nisi
834 3917 937 4004 ipsius
959 3915 1059 3982 oculis
1080 3913 1243 3980 confidens
1363 3915 1366 3920 ’

46 3994 185 4106 Jdrersns
210 4019 448 4101 argumentum
462 4017 574 4084 borum
599 4019 752 4086 librorum
778 4017 985 4084 manifestum
1009 4017 1091 4082 illud
1113 4016 1242 4094 dixerit,

46 4115 98 4166 ram
112 4109 331 4182 testimonium
344 4117 501 4185 invictum
516 4115 658 4200 afferam,
680 4143 744 4207 quo
759 4121 913 4208 dogmata
933 4143 953 4186 a
974 4117 1142 4186 Clemente
1160 4139 1244 4184 non·

47 4194 112 4270 dum
125 4231 195 4282 esse
210 4217 333 4308 scripta
347 4221 583 4290 confirmamus.
610 4223 650 4290 In
665 4223 768 4290 altero
783 4221 868 4288 enim
884 4221 1045 4311 septimi
1060 4219 1134 4287 libri
1148 4217 1243 4285 dimi-

46 4296 91 4370 dio
103 4318 212 4386 auctor
224 4319 296 4410 ipse
311 4321 353 4388 ad
367 4323 500 4392 verbum
515 4325 702 4415 profitetur:
725 4327 826 4400 litam
837 4325 917 4398 culm
926 4324 1060 4416 gnostici
1072 4323 1244 4398 dettrltcrt
1349 4331 1354 4358 ‘

48 4435 231 4488 23-

92 4543 115 4608 ¹>
131 4568 153 4619 ι).
164 4556 216 4614 8θῖ
227 4561 255 4614 in
266 4559 359 4618 strom.
370 4563 387 4618 l.
402 4561 459 4616 VII.

94 4630 117 4700 ¹)
131 4653 156 4705 r·
167 4641 225 4700 sae.
