2820 5052
562 294 764 398 Q

13 461 14 540 Ϊ
70 463 261 558 unitatem
283 499 324 548 ex
343 479 500 548 ambobus
514 502 580 548 una
598 483 652 549 est
671 481 795 550 electio.
838 479 886 548 Et
900 481 1029 564 electis,
1058 463 1269 563 aitIoannes,

69 581 134 648 suut
144 583 248 670 magis
264 582 358 651 electi
372 583 516 674 perfecta
530 585 724 674 cognitione,
745 608 800 676 qur
790 583 892 651 ''ab
882 607 953 674 rpsa
969 583 1104 652 ecelesia
1123 585 1279 677 decerpti

68 686 503 773 suntetmagnificeatissima
512 675 786 774 gloriahonorati,
798 685 920 753 iudices
933 689 968 753 et
979 687 1269 768 administratores,

67 808 98 852 ex
109 785 235 854 Iudaeis
251 791 398 880 aequest
412 810 453 856 ex
468 786 604 858 Graecis
620 794 775 880 quattuor
789 793 824 857 et
834 788 964 876 viginti,
980 790 1084 877 gloria
1095 791 1269 880 duplicata

67 888 133 956 Nam
146 889 197 959 hic
213 913 342 983 quoque
356 892 390 958 in
405 891 542 959 ecclesia
563 893 807 982 progressiones
822 891 1070 982 Episcoporum,
1091 893 1268 982 Presbyte-

70 1013 169 1074 rorum,
188 993 423 1074 Diaconorum,
442 997 529 1074 sunt,
552 995 661 1073 credo,
682 995 804 1082 gloriae
820 991 983 1081 angelicae
993 993 1191 1063 imitationes
1206 995 1269 1062 illi-

70 1117 151 1184 usque
166 1099 353 1184 οἰκονομίας,
373 1118 473 1192 quam
487 1119 543 1164 eos
558 1101 747 1189 exspectare
761 1097 875 1163 dicunt
890 1085 1162 1188 Scripturae,'qui
1176 1099 1268 1187 Apo·

67 1198 204 1266 stolorum
232 1197 391 1286 vestigiis
427 1199 617 1268 insistentes
645 1201 798 1269 vixerunt
833 1200 868 1266 in
896 1197 1093 1290 perfectione
1123 1201 1270 1269 iustitiae

66 1299 228 1390 Evangelio
244 1301 481 1370 convenienter.
1110 1319 1113 1333 ·

114 1404 208 1472 ΤοΙοι
230 1405 335 1492 igitur
358 1403 644 1492 requiescent'
634 1427 674 1470 ιιι
695 1404 827 1472 monte
853 1405 992 1470 sancto
1017 1401 1095 1484 dei,
1120 1425 1269 1494 suprema

63 1505 217 1586 ccclesia,
207 1530 244 1573 ιιι
259 1529 324 1594 qua
338 1511 578 1602 congregantur
593 1507 645 1574 dei
660 1505 859 1596 philosophi,
880 1507 1025 1592 quivere
1041 1509 1119 1574 sunt
1137 1505 1269 1573 Israe-

63 1605 160 1687 litae,
194 1609 332 1676 mundi
364 1609 540 1689 corde,
530 1633 570 1676 ιιι
605 1609 748 1700 quibus
777 1608 912 1676 nullus
942 1611 1006 1676 est
1035 1607 1159 1681 dolus.
1204 1606 1270 1674 Sed

64 1711 261 1778 suntaliae
276 1719 430 1802 quoque
451 1735 560 1791 oves,
581 1735 656 1779 non
677 1708 723 1778 e'x
742 1709 813 1778 hoa
832 1710 938 1790 ovili,
960 1735 1020 1800 pro
1039 1712 1114 1779 fidei
1134 1731 1269 1800 propor-

63 1811 136 1878 tione
149 1813 213 1881 alio
229 1814 307 1882 ovili
322 1817 357 1881 et
369 1815 536 1881 mansione
550 1813 678 1902 dignae.
721 1812 823 1880 Fides
838 1815 923 1881 enim
938 1815 1047 1882 differt
1058 1837 1078 1880 a
1088 1813 1150 1880 fids
1152 1813 1270 1900 ,idque

63 1910 202 1983 bonorum
218 1937 355 2006 oporum
374 1917 567 1984 differentia.
609 1916 722 2002 Neque
741 1917 874 2005 igitur
863 1941 892 1984 rs
914 1918 1014 1986 fuerit
1032 1919 1081 1983 ita
1094 1913 1209 1993 fidelis,
1232 1915 1271 1980 ut

63 2017 155 2086 salvus
170 2020 242 2098 fiat,
258 2043 314 2110 qur
304 2020 381 2087 'est
394 2019 630 2108 intemperans3
654 2019 811 2088 eiusmodi
830 2041 896 2086 ιιοιι
910 2043 1005 2088 οιιιιι
1026 2018 1175 2108 deposita
1190 2005 1269 2096 sola,

63 2119 106 2186 sed
117 2121 275 2210 depositus
287 2121 376 2188 vrtrrs
388 2143 526 2209 quoque
538 2121 875 2212 poterrtadpropmam
884 2141 1267 2211 perveniremansronem

62 2216 128 2290 Plus
147 2229 201 2292 est
222 2228 335 2291 autem
355 2246 565 2312 cognoscere,
590 2247 686 2311 quam
707 2224 851 2303 credere,
879 2226 965 2293 sicut
985 2246 1135 2316 supremo
1150 2221 1269 2288 honore

63 2320 181 2410 dignum
196 2349 271 2395 esse
285 2326 443 2406 habitum,
465 2352 562 2416 quam
578 2328 703 2394 salvum
723 2350 796 2395 esse
814 2327 948 2394 factum.
991 2329 1025 2394 A
1047 2326 1136 2394 vitiis
1158 2325 1269 2389 autem

62 2420 215 2509 liberatus,
233 2429 355 2498 transit
368 2430 464 2498 homo
479 2432 521 2498 ad
536 2431 669 2498 alterius
684 2430 825 2498 melioris
837 2431 943 2520 priore
953 2429 1132 2496 mansionis
1145 2419 1268 2514 suppli-¹

63 2523 143 2606 cium,
154 2529 176 2596 i.
184 2553 213 2598 e
224 2533 266 2598 ad
278 2533 456 2622 poenitent
447 2557 511 2600 ram
523 2537 636 2623 peccat
638 2557 729 2602 orum
739 2533 1025 2624 postbaptismum
1038 2521 1268 2604 admissorum,

63 2647 108 2710 qu1
98 2627 215 2713 dolor
232 2657 304 2702 ursa
316 2635 450 2703 ahcrum
461 2637 671 2743 perfectione,
685 2641 834 2724 augetur,
850 2659 988 2723 quocum
998 2637 1103 2726 pudor
1117 2633 1268 2700 sociatur.

61 2725 140 2799 Bona
154 2740 207 2803 est
222 2723 308 2804 enim
324 2739 376 2806 dei
390 2739 529 2818 iustitia,
545 2743 579 2808 et
592 2719 681 2806 iuste
696 2739 790 2806 est'
762 2761 832 2805 erus
847 2738 987 2805 bonitas.
1025 2734 1144 2805 Poenis
1160 2757 1201 2800 au
1203 2735 1270 2799 tem

62 2832 194 2917 redditis,
209 2839 352 2928 expiatis
367 2840 467 2920 vitiis,
482 2845 593 2908 manet
607 2841 819 2908 tamendolor
833 2841 1005 2922 maximus,
1024 2837 1269 2926 quodaliotan-
1352 2908 1356 2927 Ι

62 2932 120 3002 tum
134 2940 254 3028 dignus
270 2943 346 3009 ovili
360 2945 512 3010 inventus
529 2944 688 3020 sithomo,
702 2967 763 3011 nec
778 2944 823 3010 sit
833 2966 897 3009 una
909 2963 982 3023 cum
995 2941 1052 3020 eis,
1069 2965 1124 3028 qur
1115 2942 1270 3030 propter

61 3031 209 3110 iustitiam
225 3045 334 3112 affecti
357 3053 434 3112 sunt
448 3045 561 3132 gloria.
604 3043 716 3132 Neque
737 3067 815 3132 ergo
834 3043 937 3110 fidelis
954 3043 1073 3123 solum,
1097 3043 1153 3110 sed
1170 3041 1268 3106 etiam
1301 3043 1321 3126 f

63 3143 181 3222 gentilis
196 3141 321 3214 iudicat
306 3151 361 3219 tur
375 3148 565 3214 iustissime.
610 3145 774 3215 Gentibus
790 3147 918 3234 quidem
929 3145 1165 3235 philosophiam
1179 3141 1270 3210 dedit
1375 3206 1379 3218 ,

63 3245 127 3310 ants
140 3247 253 3328 iidem3
277 3249 331 3316 via
345 3249 466 3318 data'
438 3273 484 3317 ers
502 3253 584 3330 erat,
599 3253 638 3317 ut
652 3251 748 3317 deum
763 3273 821 3339 per
836 3251 997 3316 astrorum
1016 3250 1084 3318 cult
1069 3255 1139 3316 tum
1161 3245 1269 3336 suspi-

13 3383 14 3388 ι
62 3353 169 3417 terent.
218 3351 285 3434 Qui
310 3355 419 3419 autem
439 3376 505 3420 non
525 3375 583 3441 per
602 3355 692 3420 astra
711 3353 754 3418 ad
773 3353 868 3427 deum
889 3355 1120 3430 ascenderunt,
1151 3349 1208 3416 sed
1228 3346 1269 3414 ab

62 3449 148 3518 astris
176 3454 415 3522 descenderunt
440 3455 643 3544 procidentes
669 3456 711 3522 ad
734 3456 847 3545 lingua
865 3459 900 3523 et
919 3455 1059 3546 lapides,
1088 3450 1269 3542 reputati

63 3555 160 3632 sunt,
182 3557 231 3623 ait
246 3555 427 3646 Scriptura,
448 3561 493 3624 ut
514 3557 648 3648 pulvis
670 3560 804 3626 terrae
825 3562 866 3625 et
886 3561 930 3624 ut
951 3561 1071 3646 gutta
1092 3579 1137 3623 ex
1154 3554 1266 3630 cado:

63 3659 281 3740 supervacanei
297 3659 381 3726 enirn
397 3660 439 3725 ad
454 3661 592 3728 salutem
607 3665 642 3727 et
655 3661 749 3728 eiecti
764 3683 936 3750 aeorpore.
981 3659 1143 3743 Quoniam
1158 3658 1267 3721 autem

63 3754 91 3816 et
102 3760 240 3829 medium
256 3762 417 3848 quoddam
431 3761 571 3830 officium
587 3763 707 3831 dieitur
726 3765 761 3830 et
780 3763 976 3852 perfeetum,
1002 3761 1106 3829 omnis
1127 3756 1269 3848 gnostici

63 3856 180 3937 quidem
200 3864 287 3931 actio
302 3863 481 3952 perfectum
502 3869 553 3932 est
573 3866 730 3943 officium,
752 3865 822 3932 eius
842 3869 967 3942 autem,
999 3863 1054 3954 qui
1078 3853 1268 3950 simpliciter

64 3959 107 4022 ιιι
118 3960 230 4044 fidelis,
246 3963 352 4032 media
366 3966 430 4033 dici
444 3967 551 4056 possit
564 3969 661 4048 actio,
676 3971 715 4035 ut
730 3989 813 4058 quae
827 3969 968 4034 nondum
984 3966 1043 4032 fiat
1056 3964 1175 4031 rationi
1190 3985 1267 4030 con-

64 4061 217 4136 venienter
230 4089 334 4158 neque
353 4069 441 4136 recte
455 4069 641 4162 perficiatur
660 4093 701 4137 ex
722 4071 867 4138 scientia.
914 4065 1102 4154 Contraque
1124 4065 1267 4133 cuiusvis

65 4166 184 4241 gentilis
199 4175 314 4260 peccat
328 4172 424 4250 actio,
444 4175 484 4238 ut
498 4194 580 4262 quae
600 4174 724 4240 nullum
735 4173 862 4241 habeat
886 4173 1010 4238 rectum
1031 4170 1127 4236 finem
1147 4165 1268 4234 rationi

65 4273 278 4340 conuenienter
302 4273 515 4362 propositum
564 4274 877 4357 Quemadmodum
868 4275 931 4361 ugit
932 4297 971 4340 ur
991 4273 1095 4362 lyram
1114 4269 1268 4360 pulsandi

66 4357 210 4452 ¹tuperitis
244 4397 348 4462 neque
381 4376 546 4463 tangenda
579 4381 631 4446 est
660 4379 748 4466 lyra,
795 4379 843 4446 ita
870 4398 930 4444 aec
960 4379 1038 4444 sunt
1072 4372 1266 4461 attingenda

18 4557 22 4569 .
67 4473 236 4555 negotia
208 4498 272 4556 ers,
317 4477 391 4566 qui,
429 4479 587 4568 quomodo
616 4481 757 4568 negotiis
795 4479 845 4546 uti
876 4480 1041 4596 oporteat
1067 4499 1126 4568 per
1159 4477 1265 4543 totam

68 4563 155 4642 Vitam
162 4580 352 4670 ,ignorant
395 4579 589 4668 Ignorantes
609 4582 710 4664 enim,
741 4581 818 4673 quid
831 4580 893 4651 sibi
913 4581 1041 4652 utile
1016 4584 1074 4660 ιιι,
1044 4578 1265 4658 tussciunt3
1339 4621 1349 4636 f
