2820 5052
681 379 683 384 ·
745 309 814 418 '212

174 538 306 630 nisque,
326 537 382 626 qui
395 527 522 606 iu'stum'
533 559 697 627 nunquam
713 537 927 628 prodiderint,
943 517 1060 630 ⁴neque
1079 538 1169 628 metu
1187 555 1282 628 neque
1296 521 1363 604 ullis

174 663 355 732 promissis.
404 697 406 703 ,

179 777 183 784 -
238 743 309 810 Iam
323 742 379 830 qui
393 741 519 808 animae
532 739 717 808 libertatem
731 765 796 809 non
810 743 1021 834 perspiciunt,
1043 741 1119 810 dum
1133 741 1286 809 iustorum
1303 761 1358 828 per-
1395 753 1396 760 ’

175 847 357 916 secutiones
368 845 491 924 vident,
512 845 606 911 deum
622 867 694 910 esse
708 850 846 932 negant;
871 847 1018 913 similiter
1032 845 1252 936 voluptatibus
1265 843 1359 908 inten-

173 952 326 1041 peranter
345 947 455 1034 dediti,
474 946 525 1014 vel
540 947 595 1038 qui
609 947 758 1014 incidunt
770 949 804 1013 in
824 949 949 1016 dolores
966 941 1235 1030 vehementiores,
1265 943 1360 1012 sivein

122 1061 129 1070 “
173 1050 343 1142 repentina
353 1049 540 1127 infortunia,
555 1048 606 1114 vel
616 1049 714 1116 rebus
726 1051 870 1118 adversis
882 1052 978 1120 fracti
988 1051 1111 1129 dicunt,
1123 1045 1188 1116 nori
1198 1071 1268 1116 esse
1278 1048 1359 1122 deun,

174 1157 248 1231 aut,
275 1154 334 1233 sit,
363 1175 429 1219 non
452 1150 559 1219 omnia
586 1151 813 1238 eumintueri.
856 1153 925 1219 Alii
945 1153 1052 1243 plures
1067 1151 1197 1218 'iaciunt
1216 1153 1288 1218 deos
1311 1149 1360 1214 suis

173 1279 332 1348 quemque
355 1253 543 1322 libidinibus
569 1252 729 1321 detentos.
774 1256 840 1322 Sed
860 1257 989 1324 credere
1011 1257 1060 1344 (in
1081 1259 1175 1320 deum
1204 1256 1319 1336 verum)
1338 1251 1360 1315 et

173 1381 285 1450 parere
295 1358 329 1424 in
343 1361 456 1426 nostra
477 1335 716 1444 estpotestate.
739 1341 827 1424 [Nec
847 1381 925 1425 vero
939 1359 1096 1430 malorum
1117 1353 1360 1424 cousinianae

173 1461 392 1540 imbecillitas,
422 1461 562 1548 impetus
579 1459 709 1544 quidam
724 1461 810 1527 caeci
831 1463 865 1527 et
879 1461 1110 1542 necessitates,
1135 1481 1218 1546 quas
1232 1461 1360 1548 tanquan
1397 1467 1398 1470 ’

172 1563 297 1630 bestias
313 1560 529 1629 mansuefacit
542 1560 723 1646 gnosticus.
755 1560 832 1644 Qui,
846 1563 873 1629 si
888 1565 1017 1654 quando
1032 1565 1066 1628 in
1080 1561 1275 1649 magistratu
1288 1556 1362 1623 luerit

172 1666 386 1744 constitutus,
407 1669 446 1730 ut
457 1663 602 1750 Moyses,
619 1663 758 1752 praeibit
772 1665 834 1744 eis,
860 1666 894 1732 in
910 1689 989 1756 quos
1010 1665 1181 1756 imperium
1202 1657 1362 1734 obtinuerit,

49 1827 58 1836 .
173 1770 215 1836 ad
236 1769 391 1846 salutem3
419 1765 652 1834 mansuefaciet
677 1767 726 1844 id,
756 1767 842 1856 quod
863 1771 915 1834 est
935 1773 1065 1857 agreste
1089 1771 1124 1834 et
1148 1765 1290 1841 infidele;
1310 1781 1363 1827 oum

172 1871 292 1938 honore
322 1871 451 1963 quidem
477 1867 672 1958 optimorum
700 1891 738 1936 ac
769 1871 1139 1958 praestantissimorum,
1164 1859 1363 1960 ¹improborum
1398 1859 1399 1904 t

171 1977 297 2054 autem,
320 1977 480 2064 quatenus
502 1972 621 2040 rationi
648 1971 693 2038 sit
710 1973 901 2039 conveniens
918 1974 960 2038 ad
974 1973 1194 2062 disciplinam,
1222 1965 1363 2060 supplicio.

172 2077 218 2152 Et
233 2077 315 2144 hanc
326 2077 455 2164 quidem
470 2075 612 2143 divinam
625 2077 799 2162 imaginem
810 2075 1048 2166 perfectamque
1069 2075 1111 2140 ad
1126 2076 1177 2142 sui
1191 2075 1291 2165 ipsius
1304 2071 1363 2136 ima-

155 2169 280 2267 ‘ginem
301 2177 616 2267 comtemplationem
636 2171 785 2264 griostico
803 2179 959 2268 imprimit
975 2179 1162 2264 unigenitus
1185 2179 1255 2256 ille,
1284 2171 1365 2264 quiet

171 2281 242 2370 ipse
262 2281 404 2347 omnium
424 2281 525 2368 Regis
549 2283 583 2347 et
608 2279 838 2370 omnipotentis
858 2281 968 2348 Patris
995 2281 1116 2367 gloriae
1142 2285 1196 2347 est
1220 2275 1364 2368 χαρακτήρ.
1399 2273 1400 2302 ³

172 2384 288 2474 Itaque
303 2382 483 2470 gnosticas,
501 2382 562 2447 sibi
579 2383 710 2474 suisque
724 2383 898 2474 imperans,
915 2383 1064 2451 stabilem
1078 2383 1252 2474 possidens
1264 2377 1365 2447 divinae

174 2483 327 2552 scientiae
352 2483 682 2574 comprehensionem,
710 2486 831 2553 sincere
857 2487 981 2554 accedit
1006 2486 1048 2552 ad
1072 2487 1254 2554 veritatem.
1296 2481 1366 2547 Haec

174 2590 284 2654 autem
299 2589 334 2672 et
348 2586 528 2653 divinorum
541 2588 594 2652 est
612 2590 647 2653 et
661 2585 882 2654 humanorum.
927 2585 1081 2675 Cognitio
1100 2587 1221 2676 igitur,
1251 2603 1324 2676 quae
1343 2578 1365 2640 in

172 2689 269 2756 rebus
290 2693 440 2756 versatur
459 2687 593 2767 divinis,
622 2688 701 2755 haec
722 2689 784 2756 sibi
804 2691 955 2780 proponit
975 2690 1225 2757 consideranda:
1249 2679 1366 2779 quaesit
1400 2697 1401 2704 ¹

173 2795 396 2884 primecausa,
410 2792 487 2884 quid
500 2791 544 2858 sit
558 2789 602 2870 id,
624 2814 695 2880 per
720 2793 823 2880 quod
847 2793 956 2860 facta
983 2793 1065 2858 sint
1088 2794 1219 2859 omnia
1244 2795 1282 2858 et
1304 2786 1366 2853 sine

173 2917 256 2988 quo*
269 2895 371 2962 nihil
390 2895 557 2972 iactum3
580 2916 738 2984 quaenam
756 2895 821 2961 sint
835 2919 884 2979 ea,
902 2919 994 2986 quae,
1009 2897 1048 2961 ut
1061 2895 1269 2984 penetrantia
1283 2913 1314 2957 se
1325 2888 1366 2952 hr-

172 2997 261 3078 bent,
278 3022 360 3090 quae
380 3001 489 3064 autem
509 3000 549 3063 nt
569 2998 794 3076 comtineutia3
818 3019 900 3086 quae
917 2998 983 3064 sint
997 2992 1185 3075 coniuncta,
1213 3007 1366 3088 quaerero

171 3099 350 3180 disiuncta3
378 3123 549 3190 quemnam
569 3097 683 3165 horum
709 3099 850 3190 quidque
873 3099 992 3167 habeat
1013 3097 1174 3178 ordinem,
1197 3119 1279 3190 quas
1293 3095 1367 3164 vireo

172 3204 259 3292 quod
272 3203 488 3268 ministerium
509 3203 625 3267 afferat
643 3203 902 3289 unumquodque.
947 3203 1006 3270 Sin
1026 3207 1135 3269 autem
1155 3201 1192 3268 in
1212 3200 1306 3267 rebus
1322 3195 1367 3259 hu·

171 3305 276 3370 manis
292 3305 427 3382 insistit,
448 3303 527 3368 haec
547 3303 799 3392 contemplatur:
823 3305 900 3396 quid
921 3306 965 3372 sit
983 3304 1053 3395 ipse
1074 3305 1169 3372 homo
1191 3308 1226 3371 et
1247 3299 1320 3392 quid
1337 3293 1368 3360 rit

153 3405 203 3472 'ei
223 3407 400 3472 secundum
419 3411 582 3484 naturam,
606 3406 684 3491 quid
702 3411 832 3493 praeter
850 3411 1016 3488 naturam,
1041 3407 1202 3498 quomodo
1222 3425 1314 3494 agere
1331 3392 1369 3464 vel

171 3508 242 3597 pati
257 3511 417 3598 oporteat,
439 3529 597 3599 quaenam
619 3505 686 3573 sint
699 3509 768 3576 eius
783 3509 938 3588 virtutes,
969 3533 1051 3598 quae
1065 3509 1160 3588 vitia,
1191 3531 1275 3599 quae
1293 3505 1368 3572 bona

172 3632 254 3697 quae
269 3611 364 3690 mala,
385 3631 467 3698 quae
488 3607 594 3674 media
601 3631 610 3686 ;
632 3613 704 3676 tum
727 3634 802 3678 vero
823 3635 1030 3700 quaecunque
1050 3613 1089 3678 de
1110 3609 1314 3696 fortitudine,
1339 3600 1368 3666 de

170 3712 354 3802 prudentia,
376 3713 416 3779 de
430 3710 661 3798 temperantia,
683 3713 787 3802 deque
807 3713 929 3792 virtute
949 3737 989 3781 ex
1013 3714 1100 3782 omni
1124 3717 1221 3803 parte
1245 3705 1368 3800 perfecta

170 3814 299 3882 iustitia
325 3814 431 3882 solent
450 3812 597 3878 tractari.
641 3813 705 3880 His
727 3818 883 3904 quattuor
902 3817 1077 3884 virtutibus
1096 3818 1239 3884 maxime
1259 3803 1368 3880 excellit

171 3917 357 4004 gnosticum
380 3915 528 4004 inprimis
544 3915 642 3982 etiam
657 3917 858 3997 fortitudine,
874 3919 965 3986 cuius
987 3919 1110 4009 species
1127 3922 1222 3986 sunt:
1245 3917 1367 3984 toleran-

170 4017 234 4096 tia,
256 4017 373 4084 mentis
389 4017 497 4102 elatio,
525 4018 716 4104 magnitudo
731 4017 839 4099 animi,
865 4021 1053 4101 liberalitas,
1069 4020 1316 4110 magnificentia,
1340 4011 1369 4076 ut

169 4119 256 4214 inter
270 4123 394 4189 ceteros
409 4121 555 4187 homines
567 4119 717 4220 videatur
731 4123 795 4201 vir,
822 4123 929 4214 sitque
948 4125 1087 4192 mundus
1108 4128 1142 4191 et
1162 4123 1258 4215 quasi
1273 4133 1367 4207 super·

169 4221 362 4290 mundanus.
406 4223 510 4289 Dives
525 4222 624 4289 etiam
645 4248 740 4311 quarn
755 4226 908 4306 maxime,
934 4231 972 4294 ut
992 4227 1047 4318 qui
1066 4227 1147 4293 nihil
1166 4219 1368 4312 concupiscat

141 4373 148 4383 x
168 4329 265 4413 egeat
278 4325 401 4414 paucis,
418 4325 560 4392 omnium
574 4325 731 4394 bonorum
752 4326 895 4394 abundet
915 4329 1007 4418 copia
1026 4333 1159 4420 propter
1176 4328 1254 4395 boni
1273 4318 1367 4411 cogni·

168 4428 298 4496 tionem.
327 4427 501 4519 Quumque
515 4427 672 4507 iustitiae,
689 4451 752 4516 qua
764 4433 898 4498 ornatus
914 4435 975 4512 est,
991 4433 1130 4522 primurn
1146 4431 1191 4499 sit
1201 4450 1323 4503 munus,
1337 4421 1368 4486 ut

167 4553 275 4598 amore
290 4554 400 4598 omnes
415 4532 465 4598 sui
480 4531 687 4618 eiusdemque
701 4532 829 4620 generis
841 4533 1084 4624 complectatur,
1100 4537 1249 4614 libenter,
1262 4531 1367 4619 siquae

79 4668 86 4686 a
165 4633 324 4721 possidet,
350 4633 498 4724 impertit
518 4637 552 4704 et
571 4633 794 4705 communicat.
837 4635 908 4708 Iam
924 4659 999 4709 vero
1024 4637 1077 4708 dei
1097 4657 1210 4711 servus
1231 4638 1295 4716 ast,
1321 4624 1366 4716 qui
