<?xml version="1.0" encoding="UTF-8"?>
<!DOCTYPE html PUBLIC "-//W3C//DTD XHTML 1.0 Transitional//EN"
    "http://www.w3.org/TR/xhtml1/DTD/xhtml1-transitional.dtd">
<html xmlns="http://www.w3.org/1999/xhtml" xml:lang="en" lang="en">
 <head>
  <title>
</title>
<meta http-equiv="Content-Type" content="text/html;charset=utf-8" />
  <meta name='ocr-system' content='tesseract 3.04.00' />
  <meta name='ocr-capabilities' content='ocr_page ocr_carea ocr_par ocr_line ocrx_word'/>
</head>
<body>
  <div class='ocr_page' id='page_1' title='image "./clemente00reingoog_0243.png"; bbox 0 0 2820 5052; ppageno 0'>
   <div class='ocr_carea' id='block_1_1' title="bbox 661 325 863 428">
    <p class='ocr_par' dir='ltr' id='par_1_1' title="bbox 661 325 863 428">
     <span class='ocr_line' id='line_1_1' title="bbox 661 325 863 428; baseline 0 -36"><span class='ocrx_word' id='word_1_1' title='bbox 661 325 863 428; x_wconf 48' lang='lat' dir='ltr'><em>Q</em></span> 
     </span>
    </p>
   </div>
   <div class='ocr_carea' id='block_1_2' title="bbox 156 511 1376 806">
    <p class='ocr_par' dir='ltr' id='par_1_2' title="bbox 156 511 1376 806">
     <span class='ocr_line' id='line_1_2' title="bbox 157 511 1375 600; baseline 0.003 -22"><span class='ocrx_word' id='word_1_2' title='bbox 157 511 298 579; x_wconf 89' lang='lat' dir='ltr'>siastiois</span> <span class='ocrx_word' id='word_1_3' title='bbox 319 511 530 580; x_wconf 81' lang='lat' dir='ltr'>eruditissimi</span> <span class='ocrx_word' id='word_1_4' title='bbox 550 531 687 598; x_wconf 88' lang='lat' dir='ltr'>quoque.</span> <span class='ocrx_word' id='word_1_5' title='bbox 731 513 954 584; x_wconf 78' lang='lat' dir='ltr'>Haerentem</span> <span class='ocrx_word' id='word_1_6' title='bbox 975 513 1124 600; x_wconf 78' lang='lat' dir='ltr'>quaestio</span> <span class='ocrx_word' id='word_1_7' title='bbox 1142 513 1259 582; x_wconf 76' lang='lat' dir='ltr'>nostm</span> <span class='ocrx_word' id='word_1_8' title='bbox 1274 513 1375 582; x_wconf 83' lang='lat' dir='ltr'>etiam</span> 
     </span>
     <span class='ocr_line' id='line_1_3' title="bbox 157 613 1376 703; baseline 0.003 -23"><span class='ocrx_word' id='word_1_9' title='bbox 157 616 266 681; x_wconf 82' lang='lat' dir='ltr'>aetate</span> <span class='ocrx_word' id='word_1_10' title='bbox 292 617 427 703; x_wconf 82' lang='lat' dir='ltr'>prorsus</span> <span class='ocrx_word' id='word_1_11' title='bbox 450 614 562 682; x_wconf 85' lang='lat' dir='ltr'>eudem</span> <span class='ocrx_word' id='word_1_12' title='bbox 588 613 724 682; x_wconf 79' lang='lat' dir='ltr'>mansit.</span> <span class='ocrx_word' id='word_1_13' title='bbox 763 615 864 682; x_wconf 84' lang='lat' dir='ltr'>Velut</span> <span class='ocrx_word' id='word_1_14' title='bbox 878 615 1048 684; x_wconf 75' lang='lat' dir='ltr'>‚Guarikee</span> <span class='ocrx_word' id='word_1_15' title='bbox 1070 615 1198 698; x_wconf 82' lang='lat' dir='ltr'>„Liber</span> <span class='ocrx_word' id='word_1_16' title='bbox 1225 619 1376 696; x_wconf 71' lang='lat' dir='ltr'>caterua</span> 
     </span>
     <span class='ocr_line' id='line_1_4' title="bbox 156 717 1376 806; baseline 0.002 -22"><span class='ocrx_word' id='word_1_17' title='bbox 156 718 278 805; x_wconf 88' lang='lat' dir='ltr'>inquit,</span> <span class='ocrx_word' id='word_1_18' title='bbox 302 718 518 806; x_wconf 87' lang='lat' dir='ltr'>heterogenea</span> <span class='ocrx_word' id='word_1_19' title='bbox 542 717 700 803; x_wconf 76' lang='lat' dir='ltr'><strong>quaedam</strong></span> <span class='ocrx_word' id='word_1_20' title='bbox 726 719 850 784; x_wconf 83' lang='lat' dir='ltr'>tractet</span> <span class='ocrx_word' id='word_1_21' title='bbox 882 719 967 804; x_wconf 83' lang='lat' dir='ltr'>(vid.</span> <span class='ocrx_word' id='word_1_22' title='bbox 999 718 1136 788; x_wconf 83' lang='lat' dir='ltr'>Semleri</span> <span class='ocrx_word' id='word_1_23' title='bbox 1164 719 1305 806; x_wconf 79' lang='lat' dir='ltr'>praefat.</span> <span class='ocrx_word' id='word_1_24' title='bbox 1336 720 1376 786; x_wconf 87' lang='lat' dir='ltr'>ad</span> 
     </span>
    </p>
   </div>
   <div class='ocr_carea' id='block_1_3' title="bbox 149 818 1377 908">
    <p class='ocr_par' dir='ltr' id='par_1_3' title="bbox 149 818 1377 908">
     <span class='ocr_line' id='line_1_5' title="bbox 149 818 1377 908; baseline 0.002 -20"><span class='ocrx_word' id='word_1_25' title='bbox 149 822 348 908; x_wconf 61' lang='lat' dir='ltr'>‘Baumgart</span> <span class='ocrx_word' id='word_1_26' title='bbox 361 819 460 886; x_wconf 90' lang='lat' dir='ltr'>theol.</span> <span class='ocrx_word' id='word_1_27' title='bbox 475 819 590 908; x_wconf 90' lang='lat' dir='ltr'>polem.</span> <span class='ocrx_word' id='word_1_28' title='bbox 604 818 649 884; x_wconf 88' lang='lat'>11.</span> <span class='ocrx_word' id='word_1_29' title='bbox 676 819 746 888; x_wconf 78' lang='lat'>154.</span> <span class='ocrx_word' id='word_1_30' title='bbox 772 821 869 903; x_wconf 63' lang='lat'>155),</span> <span class='ocrx_word' id='word_1_31' title='bbox 890 824 925 889; x_wconf 91' lang='lat' dir='ltr'>et</span> <span class='ocrx_word' id='word_1_32' title='bbox 946 843 1019 888; x_wconf 89' lang='lat' dir='ltr'>cum</span> <span class='ocrx_word' id='word_1_33' title='bbox 1041 819 1262 891; x_wconf 70' lang='lat' dir='ltr'>cetefisnibil</span> <span class='ocrx_word' id='word_1_34' title='bbox 1280 821 1377 890; x_wconf 81' lang='lat' dir='ltr'>affine</span> 
     </span>
    </p>
   </div>
   <div class='ocr_carea' id='block_1_4' title="bbox 156 921 1377 1624">
    <p class='ocr_par' dir='ltr' id='par_1_4' title="bbox 156 921 1377 1624">
     <span class='ocr_line' id='line_1_6' title="bbox 157 921 1376 1020; baseline 0.001 -32"><span class='ocrx_word' id='word_1_35' title='bbox 157 921 487 1009; x_wconf 83' lang='lat' dir='ltr'>habet,circalogicae</span> <span class='ocrx_word' id='word_1_36' title='bbox 499 921 930 1020; x_wconf 84' lang='lat' dir='ltr'>etphiloropbiaeprincipia</span> <span class='ocrx_word' id='word_1_37' title='bbox 942 922 1325 1015; x_wconf 47' lang='lat' dir='ltr'>praesertimvrersatuffl</span> <span class='ocrx_word' id='word_1_38' title='bbox 1337 927 1376 1013; x_wconf 82' lang='grc' dir='ltr'>Ι).</span> 
     </span>
     <span class='ocr_line' id='line_1_7' title="bbox 157 1023 1376 1112; baseline 0.002 -20"><span class='ocrx_word' id='word_1_39' title='bbox 157 1025 345 1108; x_wconf 77' lang='lat' dir='ltr'>Quinetiam</span> <span class='ocrx_word' id='word_1_40' title='bbox 360 1025 536 1091; x_wconf 87' lang='lat' dir='ltr'>novissima</span> <span class='ocrx_word' id='word_1_41' title='bbox 556 1023 755 1110; x_wconf 86' lang='lat' dir='ltr'>Petrologie,</span> <span class='ocrx_word' id='word_1_42' title='bbox 776 1047 874 1109; x_wconf 82' lang='lat' dir='ltr'>quam</span> <span class='ocrx_word' id='word_1_43' title='bbox 892 1025 1044 1112; x_wconf 87' lang='lat' dir='ltr'>bocipso</span> <span class='ocrx_word' id='word_1_44' title='bbox 1065 1045 1149 1090; x_wconf 91' lang='lat' dir='ltr'>anuo</span> <span class='ocrx_word' id='word_1_45' title='bbox 1169 1047 1190 1093; x_wconf 80' lang='lat' dir='ltr'>a</span> <span class='ocrx_word' id='word_1_46' title='bbox 1209 1025 1376 1104; x_wconf 82' lang='lat' dir='ltr'>Fesslero,</span> 
     </span>
     <span class='ocr_line' id='line_1_8' title="bbox 156 1125 1376 1226; baseline 0.005 -35"><span class='ocrx_word' id='word_1_47' title='bbox 156 1127 225 1193; x_wconf 87' lang='lat' dir='ltr'>viro</span> <span class='ocrx_word' id='word_1_48' title='bbox 240 1128 363 1226; x_wconf 89' lang='lat' dir='ltr'>optimo</span> <span class='ocrx_word' id='word_1_49' title='bbox 377 1125 607 1203; x_wconf 88' lang='lat' dir='ltr'>eruditissimo,</span> <span class='ocrx_word' id='word_1_50' title='bbox 624 1126 779 1214; x_wconf 84' lang='lat' dir='ltr'>scriptam</span> <span class='ocrx_word' id='word_1_51' title='bbox 794 1127 942 1204; x_wconf 85' lang='lat' dir='ltr'>vidimus,</span> <span class='ocrx_word' id='word_1_52' title='bbox 960 1127 1046 1194; x_wconf 90' lang='lat' dir='ltr'>idem</span> <span class='ocrx_word' id='word_1_53' title='bbox 1065 1127 1187 1213; x_wconf 85' lang='lat' dir='ltr'>repetit</span> <span class='ocrx_word' id='word_1_54' title='bbox 1204 1127 1376 1208; x_wconf 85' lang='lat' dir='ltr'>iudicium,</span> 
     </span>
     <span class='ocr_line' id='line_1_9' title="bbox 157 1227 1374 1318; baseline 0.002 -23"><span class='ocrx_word' id='word_1_55' title='bbox 157 1230 210 1296; x_wconf 88' lang='lat' dir='ltr'>vel</span> <span class='ocrx_word' id='word_1_56' title='bbox 228 1231 338 1318; x_wconf 91' lang='lat' dir='ltr'>potius</span> <span class='ocrx_word' id='word_1_57' title='bbox 359 1229 542 1318; x_wconf 80' lang='lat' dir='ltr'>opinionem</span> <span class='ocrx_word' id='word_1_58' title='bbox 561 1229 782 1306; x_wconf 76' lang='lat' dir='ltr'>dubitatione,</span> <span class='ocrx_word' id='word_1_59' title='bbox 802 1229 883 1316; x_wconf 91' lang='lat' dir='ltr'>quid</span> <span class='ocrx_word' id='word_1_60' title='bbox 900 1229 982 1296; x_wconf 88' lang='lat' dir='ltr'>liber</span> <span class='ocrx_word' id='word_1_61' title='bbox 1000 1228 1055 1298; x_wconf 88' lang='lat' dir='ltr'>ille</span> <span class='ocrx_word' id='word_1_62' title='bbox 1076 1228 1138 1298; x_wconf 87' lang='lat' dir='ltr'>sibi</span> <span class='ocrx_word' id='word_1_63' title='bbox 1157 1227 1249 1307; x_wconf 82' lang='lat' dir='ltr'>velit,</span> <span class='ocrx_word' id='word_1_64' title='bbox 1272 1231 1374 1318; x_wconf 89' lang='lat' dir='ltr'>prime</span> 
     </span>
     <span class='ocr_line' id='line_1_10' title="bbox 156 1331 1372 1420; baseline 0.003 -22"><span class='ocrx_word' id='word_1_65' title='bbox 156 1335 276 1398; x_wconf 88' lang='lat' dir='ltr'>natam.</span> <span class='ocrx_word' id='word_1_66' title='bbox 319 1333 373 1398; x_wconf 83' lang='lat' dir='ltr'>Ex</span> <span class='ocrx_word' id='word_1_67' title='bbox 393 1332 440 1398; x_wconf 90' lang='lat' dir='ltr'>eis</span> <span class='ocrx_word' id='word_1_68' title='bbox 463 1333 584 1410; x_wconf 85' lang='lat' dir='ltr'>autem,</span> <span class='ocrx_word' id='word_1_69' title='bbox 605 1353 688 1418; x_wconf 86' lang='lat' dir='ltr'>quae</span> <span class='ocrx_word' id='word_1_70' title='bbox 707 1332 803 1398; x_wconf 89' lang='lat' dir='ltr'>modo</span> <span class='ocrx_word' id='word_1_71' title='bbox 822 1332 1043 1420; x_wconf 70' lang='lat' dir='ltr'>transsumpsi,</span> <span class='ocrx_word' id='word_1_72' title='bbox 1056 1331 1146 1398; x_wconf 87' lang='lat' dir='ltr'>&#39;duas</span> <span class='ocrx_word' id='word_1_73' title='bbox 1166 1353 1305 1413; x_wconf 73' lang='lat' dir='ltr'>eamus,</span> <span class='ocrx_word' id='word_1_74' title='bbox 1326 1357 1372 1402; x_wconf 83' lang='lat' dir='ltr'>ear</span> 
     </span>
     <span class='ocr_line' id='line_1_11' title="bbox 156 1429 1373 1520; baseline 0.001 -18"><span class='ocrx_word' id='word_1_75' title='bbox 156 1429 274 1502; x_wconf 91' lang='lat' dir='ltr'>librum</span> <span class='ocrx_word' id='word_1_76' title='bbox 299 1439 450 1502; x_wconf 89' lang='lat' dir='ltr'>octavum</span> <span class='ocrx_word' id='word_1_77' title='bbox 476 1433 639 1512; x_wconf 89' lang='lat' dir='ltr'>reiiciant,</span> <span class='ocrx_word' id='word_1_78' title='bbox 667 1434 746 1501; x_wconf 88' lang='lat' dir='ltr'>viris</span> <span class='ocrx_word' id='word_1_79' title='bbox 771 1435 875 1502; x_wconf 86' lang='lat' dir='ltr'>doctis</span> <span class='ocrx_word' id='word_1_80' title='bbox 900 1434 1019 1511; x_wconf 92' lang='lat' dir='ltr'>videri,</span> <span class='ocrx_word' id='word_1_81' title='bbox 1045 1435 1197 1520; x_wconf 87' lang='lat' dir='ltr'>apparet:</span> <span class='ocrx_word' id='word_1_82' title='bbox 1220 1434 1373 1520; x_wconf 84' lang='lat' dir='ltr'>priorem,</span> 
     </span>
     <span class='ocr_line' id='line_1_12' title="bbox 159 1535 1377 1624; baseline 0.003 -22"><span class='ocrx_word' id='word_1_83' title='bbox 159 1539 245 1624; x_wconf 90' lang='lat' dir='ltr'>quod</span> <span class='ocrx_word' id='word_1_84' title='bbox 259 1537 356 1604; x_wconf 92' lang='lat' dir='ltr'>huius</span> <span class='ocrx_word' id='word_1_85' title='bbox 371 1538 445 1604; x_wconf 93' lang='lat' dir='ltr'>libri</span> <span class='ocrx_word' id='word_1_86' title='bbox 460 1537 530 1602; x_wconf 91' lang='lat' dir='ltr'>loco</span> <span class='ocrx_word' id='word_1_87' title='bbox 545 1535 579 1600; x_wconf 92' lang='lat' dir='ltr'>iu</span> <span class='ocrx_word' id='word_1_88' title='bbox 593 1535 756 1600; x_wconf 90' lang='lat' dir='ltr'>nonnullis</span> <span class='ocrx_word' id='word_1_89' title='bbox 768 1537 870 1616; x_wconf 80' lang='lat' dir='ltr'>codd,</span> <span class='ocrx_word' id='word_1_90' title='bbox 879 1535 997 1604; x_wconf 90' lang='lat' dir='ltr'>Photio</span> <span class='ocrx_word' id='word_1_91' title='bbox 1007 1539 1105 1613; x_wconf 91' lang='lat' dir='ltr'>teste,</span> <span class='ocrx_word' id='word_1_92' title='bbox 1117 1535 1292 1604; x_wconf 85' lang='lat' dir='ltr'>exstiterit</span> <span class='ocrx_word' id='word_1_93' title='bbox 1302 1539 1377 1606; x_wconf 88' lang='lat' dir='ltr'>liber</span> 
     </span>
    </p>
   </div>
   <div class='ocr_carea' id='block_1_5' title="bbox 75 1636 1378 1732">
    <p class='ocr_par' dir='ltr' id='par_1_5' title="bbox 75 1636 1378 1732">
     <span class='ocr_line' id='line_1_13' title="bbox 75 1636 1378 1732; baseline 0.002 -26"><span class='ocrx_word' id='word_1_94' title='bbox 75 1659 76 1666; x_wconf 53' lang='lat'>¹</span> <span class='ocrx_word' id='word_1_95' title='bbox 159 1641 261 1723; x_wconf 90' lang='lat' dir='ltr'>Quis</span> <span class='ocrx_word' id='word_1_96' title='bbox 292 1641 403 1706; x_wconf 84' lang='lat' dir='ltr'>dives</span> <span class='ocrx_word' id='word_1_97' title='bbox 434 1639 632 1715; x_wconf 87' lang='lat' dir='ltr'>salvetur;</span> <span class='ocrx_word' id='word_1_98' title='bbox 662 1638 813 1718; x_wconf 86' lang='lat' dir='ltr'>alterum,</span> <span class='ocrx_word' id='word_1_99' title='bbox 843 1639 930 1726; x_wconf 91' lang='lat' dir='ltr'>quod</span> <span class='ocrx_word' id='word_1_100' title='bbox 956 1661 1029 1732; x_wconf 85' lang='lat' dir='ltr'>oum</span> <span class='ocrx_word' id='word_1_101' title='bbox 1058 1636 1220 1726; x_wconf 86' lang='lat' dir='ltr'>prioribus</span> <span class='ocrx_word' id='word_1_102' title='bbox 1251 1645 1378 1730; x_wconf 83' lang='lat' dir='ltr'>septem</span> 
     </span>
    </p>
   </div>
   <div class='ocr_carea' id='block_1_6' title="bbox 152 1741 1378 2342">
    <p class='ocr_par' dir='ltr' id='par_1_6' title="bbox 152 1741 1378 2342">
     <span class='ocr_line' id='line_1_14' title="bbox 152 1741 1378 1828; baseline 0.002 -20"><span class='ocrx_word' id='word_1_103' title='bbox 152 1743 245 1808; x_wconf 93' lang='lat' dir='ltr'>libris</span> <span class='ocrx_word' id='word_1_104' title='bbox 271 1742 351 1808; x_wconf 91' lang='lat' dir='ltr'>nibil</span> <span class='ocrx_word' id='word_1_105' title='bbox 376 1741 496 1808; x_wconf 87' lang='lat' dir='ltr'>hebeat</span> <span class='ocrx_word' id='word_1_106' title='bbox 520 1761 697 1808; x_wconf 82' lang='lat' dir='ltr'>commune.</span> <span class='ocrx_word' id='word_1_107' title='bbox 753 1741 882 1824; x_wconf 80' lang='lat' dir='ltr'>Quibus</span> <span class='ocrx_word' id='word_1_108' title='bbox 913 1741 1003 1808; x_wconf 83' lang='lat' dir='ltr'>nulla</span> <span class='ocrx_word' id='word_1_109' title='bbox 1028 1743 1196 1828; x_wconf 77' lang='lat' dir='ltr'>praeterea·</span> <span class='ocrx_word' id='word_1_110' title='bbox 1229 1761 1378 1811; x_wconf 69' lang='lat' dir='ltr'>musas</span> 
     </span>
     <span class='ocr_line' id='line_1_15' title="bbox 155 1843 1376 1936; baseline 0.002 -26"><span class='ocrx_word' id='word_1_111' title='bbox 155 1845 324 1912; x_wconf 88' lang='lat' dir='ltr'>doctorum</span> <span class='ocrx_word' id='word_1_112' title='bbox 339 1843 550 1911; x_wconf 89' lang='lat' dir='ltr'>multitudiue</span> <span class='ocrx_word' id='word_1_113' title='bbox 564 1843 707 1910; x_wconf 83' lang='lat' dir='ltr'>additur.</span> <span class='ocrx_word' id='word_1_114' title='bbox 746 1843 812 1910; x_wconf 87' lang='lat' dir='ltr'>Sed</span> <span class='ocrx_word' id='word_1_115' title='bbox 827 1843 996 1910; x_wconf 84' lang='lat' dir='ltr'>audiemus</span> <span class='ocrx_word' id='word_1_116' title='bbox 1009 1845 1126 1911; x_wconf 84' lang='lat' dir='ltr'>ducem</span> <span class='ocrx_word' id='word_1_117' title='bbox 1141 1863 1182 1908; x_wconf 86' lang='lat' dir='ltr'>ae</span> <span class='ocrx_word' id='word_1_118' title='bbox 1194 1843 1376 1936; x_wconf 79' lang='lat' dir='ltr'>principem</span> 
     </span>
     <span class='ocr_line' id='line_1_16' title="bbox 155 1945 1376 2026; baseline 0 -12"><span class='ocrx_word' id='word_1_119' title='bbox 155 1970 275 2026; x_wconf 89' lang='lat' dir='ltr'>eonum,</span> <span class='ocrx_word' id='word_1_120' title='bbox 291 1947 476 2014; x_wconf 90' lang='lat' dir='ltr'>Nourrinm.</span> <span class='ocrx_word' id='word_1_121' title='bbox 520 1946 614 2012; x_wconf 85' lang='lat' dir='ltr'>Haeo</span> <span class='ocrx_word' id='word_1_122' title='bbox 627 1949 738 2012; x_wconf 89' lang='lat' dir='ltr'>autem</span> <span class='ocrx_word' id='word_1_123' title='bbox 754 1947 825 2012; x_wconf 91' lang='lat' dir='ltr'>eins</span> <span class='ocrx_word' id='word_1_124' title='bbox 847 1946 956 2012; x_wconf 89' lang='lat' dir='ltr'>verba.</span> <span class='ocrx_word' id='word_1_125' title='bbox 1000 1945 1129 2025; x_wconf 86' lang='lat' dir='ltr'>„Nobis</span> <span class='ocrx_word' id='word_1_126' title='bbox 1150 1967 1230 2013; x_wconf 82' lang='lat' dir='ltr'>sane</span> <span class='ocrx_word' id='word_1_127' title='bbox 1251 1955 1376 2020; x_wconf 81' lang='lat' dir='ltr'>certum</span> 
     </span>
     <span class='ocr_line' id='line_1_17' title="bbox 157 2047 1374 2140; baseline -0.001 -23"><span class='ocrx_word' id='word_1_128' title='bbox 157 2051 286 2118; x_wconf 90' lang='lat' dir='ltr'>omnino</span> <span class='ocrx_word' id='word_1_129' title='bbox 305 2049 576 2140; x_wconf 88' lang='lat' dir='ltr'>perspicuumque</span> <span class='ocrx_word' id='word_1_130' title='bbox 595 2070 668 2114; x_wconf 89' lang='lat' dir='ltr'>esse</span> <span class='ocrx_word' id='word_1_131' title='bbox 688 2053 825 2136; x_wconf 87' lang='lat' dir='ltr'>apparet</span> <span class='ocrx_word' id='word_1_132' title='bbox 843 2047 938 2126; x_wconf 87' lang='lat' dir='ltr'>bunc,</span> <span class='ocrx_word' id='word_1_133' title='bbox 964 2048 1004 2114; x_wconf 89' lang='lat' dir='ltr'>de</span> <span class='ocrx_word' id='word_1_134' title='bbox 1025 2071 1090 2134; x_wconf 88' lang='lat' dir='ltr'>qua</span> <span class='ocrx_word' id='word_1_135' title='bbox 1114 2047 1257 2134; x_wconf 84' lang='lat' dir='ltr'>agimus,</span> <span class='ocrx_word' id='word_1_136' title='bbox 1291 2075 1374 2118; x_wconf 91' lang='lat' dir='ltr'>oom-</span> 
     </span>
     <span class='ocr_line' id='line_1_18' title="bbox 156 2150 1376 2239; baseline 0.001 -19"><span class='ocrx_word' id='word_1_137' title='bbox 156 2153 389 2220; x_wconf 88' lang='lat' dir='ltr'>mentationem</span> <span class='ocrx_word' id='word_1_138' title='bbox 404 2151 438 2233; x_wconf 88' lang='lat' dir='ltr'>(i.</span> <span class='ocrx_word' id='word_1_139' title='bbox 454 2173 483 2222; x_wconf 80' lang='lat' dir='ltr'>e.</span> <span class='ocrx_word' id='word_1_140' title='bbox 498 2152 717 2238; x_wconf 81' lang='lat' dir='ltr'>fragmentum</span> <span class='ocrx_word' id='word_1_141' title='bbox 731 2154 866 2218; x_wconf 86' lang='lat' dir='ltr'>exstans</span> <span class='ocrx_word' id='word_1_142' title='bbox 888 2172 946 2239; x_wconf 92' lang='lat' dir='ltr'>pro</span> <span class='ocrx_word' id='word_1_143' title='bbox 966 2150 1050 2220; x_wconf 85' lang='lat' dir='ltr'>libro</span> <span class='ocrx_word' id='word_1_144' title='bbox 1068 2154 1200 2237; x_wconf 82' lang='lat' dir='ltr'>octavo)</span> <span class='ocrx_word' id='word_1_145' title='bbox 1215 2167 1288 2218; x_wconf 85' lang='lat' dir='ltr'>&#39;neo</span> <span class='ocrx_word' id='word_1_146' title='bbox 1310 2177 1376 2222; x_wconf 87' lang='lat' dir='ltr'>esse</span> 
     </span>
     <span class='ocr_line' id='line_1_19' title="bbox 157 2252 1375 2342; baseline -0.002 -18"><span class='ocrx_word' id='word_1_147' title='bbox 157 2279 216 2324; x_wconf 87' lang='lat' dir='ltr'>nee</span> <span class='ocrx_word' id='word_1_148' title='bbox 230 2255 294 2321; x_wconf 88' lang='lat' dir='ltr'>diei</span> <span class='ocrx_word' id='word_1_149' title='bbox 308 2278 451 2342; x_wconf 88' lang='lat' dir='ltr'>unquam</span> <span class='ocrx_word' id='word_1_150' title='bbox 460 2276 556 2342; x_wconf 87' lang='lat' dir='ltr'>posse</span> <span class='ocrx_word' id='word_1_151' title='bbox 568 2255 719 2322; x_wconf 86' lang='lat' dir='ltr'>octavum&#39;</span> <span class='ocrx_word' id='word_1_152' title='bbox 727 2253 906 2322; x_wconf 82' lang='lat' dir='ltr'>Clementis</span> <span class='ocrx_word' id='word_1_153' title='bbox 918 2252 1234 2323; x_wconf 80' lang='lat' dir='ltr'>nostriStromatum</span> <span class='ocrx_word' id='word_1_154' title='bbox 1246 2253 1375 2326; x_wconf 88' lang='lat' dir='ltr'>librum.</span> 
     </span>
    </p>
   </div>
   <div class='ocr_carea' id='block_1_7' title="bbox 26 2354 1375 2445">
    <p class='ocr_par' dir='ltr' id='par_1_7' title="bbox 26 2354 1375 2445">
     <span class='ocr_line' id='line_1_20' title="bbox 26 2354 1375 2445; baseline 0.001 -20"><span class='ocrx_word' id='word_1_155' title='bbox 26 2376 30 2391; x_wconf 80' lang='grc'><strong>“</strong></span> <span class='ocrx_word' id='word_1_156' title='bbox 154 2359 268 2445; x_wconf 85' lang='lat' dir='ltr'>Neque</span> <span class='ocrx_word' id='word_1_157' title='bbox 283 2359 368 2424; x_wconf 90' lang='lat' dir='ltr'>enim</span> <span class='ocrx_word' id='word_1_158' title='bbox 383 2358 425 2424; x_wconf 89' lang='lat' dir='ltr'>ab</span> <span class='ocrx_word' id='word_1_159' title='bbox 439 2358 500 2422; x_wconf 88' lang='lat' dir='ltr'>bae</span> <span class='ocrx_word' id='word_1_160' title='bbox 522 2355 625 2422; x_wconf 89' lang='lat' dir='ltr'>solum</span> <span class='ocrx_word' id='word_1_161' title='bbox 641 2357 843 2424; x_wconf 87' lang='lat' dir='ltr'>Strumatum</span> <span class='ocrx_word' id='word_1_162' title='bbox 855 2355 1067 2444; x_wconf 80' lang='lat' dir='ltr'>inscriptione</span> <span class='ocrx_word' id='word_1_163' title='bbox 1081 2358 1118 2422; x_wconf 90' lang='lat' dir='ltr'>et</span> <span class='ocrx_word' id='word_1_164' title='bbox 1130 2354 1240 2433; x_wconf 91' lang='lat' dir='ltr'>titulo,</span> <span class='ocrx_word' id='word_1_165' title='bbox 1265 2359 1327 2426; x_wconf 88' lang='lat' dir='ltr'>sed</span> <span class='ocrx_word' id='word_1_166' title='bbox 1341 2360 1375 2426; x_wconf 91' lang='lat' dir='ltr'>ab</span> 
     </span>
    </p>
   </div>
   <div class='ocr_carea' id='block_1_8' title="bbox 110 4404 118 4442">
    <p class='ocr_par' dir='ltr' id='par_1_8' title="bbox 110 4404 118 4442">
     <span class='ocr_line' id='line_1_21' title="bbox 110 4404 118 4442; baseline 0 0"><span class='ocrx_word' id='word_1_167' title='bbox 110 4404 118 4442; x_wconf 85' lang='lat' dir='ltr'>l</span> 
     </span>
    </p>
   </div>
   <div class='ocr_carea' id='block_1_9' title="bbox 158 2455 1376 2756">
    <p class='ocr_par' dir='ltr' id='par_1_9' title="bbox 158 2455 1376 2756">
     <span class='ocr_line' id='line_1_22' title="bbox 158 2455 1375 2550; baseline 0 -22"><span class='ocrx_word' id='word_1_168' title='bbox 158 2461 230 2550; x_wconf 91' lang='lat' dir='ltr'>ipso</span> <span class='ocrx_word' id='word_1_169' title='bbox 246 2461 355 2537; x_wconf 78' lang='lat' dir='ltr'>etiam,</span> <span class='ocrx_word' id='word_1_170' title='bbox 371 2481 435 2545; x_wconf 92' lang='lat' dir='ltr'>quo</span> <span class='ocrx_word' id='word_1_171' title='bbox 451 2455 603 2525; x_wconf 88' lang='lat' dir='ltr'>Clemens</span> <span class='ocrx_word' id='word_1_172' title='bbox 617 2461 730 2524; x_wconf 86' lang='lat' dir='ltr'>noster</span> <span class='ocrx_word' id='word_1_173' title='bbox 744 2463 903 2526; x_wconf 87' lang='lat' dir='ltr'>stromata</span> <span class='ocrx_word' id='word_1_174' title='bbox 918 2481 979 2525; x_wconf 86' lang='lat' dir='ltr'>sua</span> <span class='ocrx_word' id='word_1_175' title='bbox 992 2459 1135 2546; x_wconf 80' lang='lat' dir='ltr'>scripsit,</span> <span class='ocrx_word' id='word_1_176' title='bbox 1150 2458 1260 2538; x_wconf 85' lang='lat' dir='ltr'>modo,</span> <span class='ocrx_word' id='word_1_177' title='bbox 1270 2464 1375 2549; x_wconf 74' lang='lat' dir='ltr'>atque</span> 
     </span>
     <span class='ocr_line' id='line_1_23' title="bbox 158 2558 1376 2650; baseline -0.001 -20"><span class='ocrx_word' id='word_1_178' title='bbox 158 2565 200 2630; x_wconf 89' lang='lat' dir='ltr'>ab</span> <span class='ocrx_word' id='word_1_179' title='bbox 218 2563 306 2630; x_wconf 90' lang='lat' dir='ltr'>illius</span> <span class='ocrx_word' id='word_1_180' title='bbox 329 2583 426 2650; x_wconf 88' lang='lat' dir='ltr'>scopo</span> <span class='ocrx_word' id='word_1_181' title='bbox 446 2563 481 2626; x_wconf 89' lang='lat' dir='ltr'>et</span> <span class='ocrx_word' id='word_1_182' title='bbox 505 2559 568 2626; x_wconf 88' lang='lat' dir='ltr'>fine</span> <span class='ocrx_word' id='word_1_183' title='bbox 588 2561 718 2647; x_wconf 89' lang='lat' dir='ltr'>penitus</span> <span class='ocrx_word' id='word_1_184' title='bbox 739 2561 898 2628; x_wconf 87' lang='lat' dir='ltr'>abhorret.</span> <span class='ocrx_word' id='word_1_185' title='bbox 944 2558 1086 2628; x_wconf 84' lang='lat' dir='ltr'>Constat</span> <span class='ocrx_word' id='word_1_186' title='bbox 1112 2559 1289 2646; x_wconf 82' lang='lat' dir='ltr'>siquidem,</span> <span class='ocrx_word' id='word_1_187' title='bbox 1309 2570 1376 2632; x_wconf 92' lang='lat' dir='ltr'>uta</span> 
     </span>
     <span class='ocr_line' id='line_1_24' title="bbox 158 2663 1375 2756; baseline -0.001 -23"><span class='ocrx_word' id='word_1_188' title='bbox 158 2666 253 2734; x_wconf 87' lang='lat' dir='ltr'>nobis</span> <span class='ocrx_word' id='word_1_189' title='bbox 280 2687 379 2752; x_wconf 86' lang='lat' dir='ltr'>supra</span> <span class='ocrx_word' id='word_1_190' title='bbox 405 2664 662 2730; x_wconf 87' lang='lat' dir='ltr'>demonstratum</span> <span class='ocrx_word' id='word_1_191' title='bbox 688 2667 750 2742; x_wconf 87' lang='lat' dir='ltr'>est,</span> <span class='ocrx_word' id='word_1_192' title='bbox 777 2685 894 2732; x_wconf 89' lang='lat' dir='ltr'>nomen</span> <span class='ocrx_word' id='word_1_193' title='bbox 920 2663 1126 2738; x_wconf 83' lang='lat' dir='ltr'>Strumatum</span> <span class='ocrx_word' id='word_1_194' title='bbox 1149 2663 1224 2740; x_wconf 82' lang='lat' dir='ltr'>aliis</span> <span class='ocrx_word' id='word_1_195' title='bbox 1252 2670 1375 2756; x_wconf 88' lang='lat' dir='ltr'>septem</span> 
     </span>
    </p>
   </div>
   <div class='ocr_carea' id='block_1_10' title="bbox 93 2763 1373 2960">
    <p class='ocr_par' dir='ltr' id='par_1_10' title="bbox 93 2763 1373 2960">
     <span class='ocr_line' id='line_1_25' title="bbox 144 2763 1373 2854; baseline -0.002 -18"><span class='ocrx_word' id='word_1_196' title='bbox 144 2769 249 2836; x_wconf 70' lang='lat' dir='ltr'>«libris</span> <span class='ocrx_word' id='word_1_197' title='bbox 262 2768 335 2834; x_wconf 89' lang='lat' dir='ltr'>ideo</span> <span class='ocrx_word' id='word_1_198' title='bbox 350 2765 391 2832; x_wconf 86' lang='lat' dir='ltr'>ab</span> <span class='ocrx_word' id='word_1_199' title='bbox 406 2765 462 2833; x_wconf 91' lang='lat' dir='ltr'>illo</span> <span class='ocrx_word' id='word_1_200' title='bbox 477 2763 578 2832; x_wconf 87' lang='lat' dir='ltr'>fuisse</span> <span class='ocrx_word' id='word_1_201' title='bbox 593 2766 783 2854; x_wconf 88' lang='lat' dir='ltr'>praefixum,</span> <span class='ocrx_word' id='word_1_202' title='bbox 799 2770 838 2834; x_wconf 89' lang='lat' dir='ltr'>ut</span> <span class='ocrx_word' id='word_1_203' title='bbox 852 2789 907 2834; x_wconf 90' lang='lat' dir='ltr'>eos</span> <span class='ocrx_word' id='word_1_204' title='bbox 922 2767 1021 2835; x_wconf 86' lang='lat' dir='ltr'>variis</span> <span class='ocrx_word' id='word_1_205' title='bbox 1041 2766 1258 2853; x_wconf 73' lang='lat' dir='ltr'>dogmatibus.</span> <span class='ocrx_word' id='word_1_206' title='bbox 1274 2769 1332 2836; x_wconf 89' lang='lat' dir='ltr'>hio</span> <span class='ocrx_word' id='word_1_207' title='bbox 1346 2771 1373 2834; x_wconf 91' lang='lat' dir='ltr'>et</span> 
     </span>
     <span class='ocr_line' id='line_1_26' title="bbox 93 2867 1373 2960; baseline -0.002 -21"><span class='ocrx_word' id='word_1_208' title='bbox 93 2926 96 2939; x_wconf 93' lang='lat'>.</span> <span class='ocrx_word' id='word_1_209' title='bbox 155 2871 222 2938; x_wconf 87' lang='lat' dir='ltr'>illio</span> <span class='ocrx_word' id='word_1_210' title='bbox 235 2869 404 2960; x_wconf 87' lang='lat' dir='ltr'>inspersis,</span> <span class='ocrx_word' id='word_1_211' title='bbox 418 2867 570 2954; x_wconf 87' lang='lat' dir='ltr'>nulloque</span> <span class='ocrx_word' id='word_1_212' title='bbox 584 2871 674 2936; x_wconf 90' lang='lat' dir='ltr'>certo</span> <span class='ocrx_word' id='word_1_213' title='bbox 688 2869 800 2936; x_wconf 88' lang='lat' dir='ltr'>ordine</span> <span class='ocrx_word' id='word_1_214' title='bbox 811 2869 960 2956; x_wconf 80' lang='lat' dir='ltr'>digestis,</span> <span class='ocrx_word' id='word_1_215' title='bbox 975 2868 1261 2956; x_wconf 80' lang='lat' dir='ltr'>compositonesse</span> <span class='ocrx_word' id='word_1_216' title='bbox 1279 2871 1373 2959; x_wconf 84' lang='lat' dir='ltr'>signi-</span> 
     </span>
    </p>
   </div>
   <div class='ocr_carea' id='block_1_11' title="bbox 156 2971 1375 3166">
    <p class='ocr_par' dir='ltr' id='par_1_11' title="bbox 156 2971 1375 3166">
     <span class='ocr_line' id='line_1_27' title="bbox 156 2971 1374 3050; baseline -0.003 -8"><span class='ocrx_word' id='word_1_217' title='bbox 156 2975 278 3042; x_wconf 82' lang='lat' dir='ltr'>ficaret.</span> <span class='ocrx_word' id='word_1_218' title='bbox 321 2971 451 3040; x_wconf 88' lang='lat' dir='ltr'>Deinde</span> <span class='ocrx_word' id='word_1_219' title='bbox 471 2993 547 3038; x_wconf 89' lang='lat' dir='ltr'>vero</span> <span class='ocrx_word' id='word_1_220' title='bbox 566 2971 631 3049; x_wconf 92' lang='lat' dir='ltr'>ille,</span> <span class='ocrx_word' id='word_1_221' title='bbox 653 2975 693 3038; x_wconf 85' lang='lat' dir='ltr'>ut</span> <span class='ocrx_word' id='word_1_222' title='bbox 712 2971 810 3040; x_wconf 89' lang='lat' dir='ltr'>etiam</span> <span class='ocrx_word' id='word_1_223' title='bbox 836 2973 987 3050; x_wconf 85' lang='lat' dir='ltr'>diximus,</span> <span class='ocrx_word' id='word_1_224' title='bbox 1013 2993 1054 3038; x_wconf 90' lang='lat' dir='ltr'>ne</span> <span class='ocrx_word' id='word_1_225' title='bbox 1078 2971 1115 3038; x_wconf 89' lang='lat' dir='ltr'>in</span> <span class='ocrx_word' id='word_1_226' title='bbox 1138 2971 1265 3048; x_wconf 63' lang='lat' dir='ltr'>medens</span> <span class='ocrx_word' id='word_1_227' title='bbox 1290 2974 1374 3040; x_wconf 84' lang='lat' dir='ltr'>libris</span> 
     </span>
     <span class='ocr_line' id='line_1_28' title="bbox 160 3071 1375 3166; baseline -0.003 -22"><span class='ocrx_word' id='word_1_228' title='bbox 160 3099 252 3160; x_wconf 83' lang='lat' dir='ltr'>sacra</span> <span class='ocrx_word' id='word_1_229' title='bbox 277 3080 410 3144; x_wconf 90' lang='lat' dir='ltr'>nostrae</span> <span class='ocrx_word' id='word_1_230' title='bbox 435 3071 603 3163; x_wconf 87' lang='lat' dir='ltr'>religionis</span> <span class='ocrx_word' id='word_1_231' title='bbox 628 3075 786 3162; x_wconf 86' lang='lat' dir='ltr'>mysteria</span> <span class='ocrx_word' id='word_1_232' title='bbox 816 3074 1002 3142; x_wconf 85' lang='lat' dir='ltr'>christianis</span> <span class='ocrx_word' id='word_1_233' title='bbox 1025 3076 1214 3164; x_wconf 83' lang='lat' dir='ltr'>exponendo</span> <span class='ocrx_word' id='word_1_234' title='bbox 1239 3076 1375 3166; x_wconf 75' lang='lat' dir='ltr'>paganis</span> 
     </span>
    </p>
   </div>
   <div class='ocr_carea' id='block_1_12' title="bbox 87 3165 1377 3472">
    <p class='ocr_par' dir='ltr' id='par_1_12' title="bbox 87 3165 1377 3472">
     <span class='ocr_line' id='line_1_29' title="bbox 143 3165 1376 3268; baseline 0.001 -23"><span class='ocrx_word' id='word_1_235' title='bbox 143 3165 370 3268; x_wconf 69' lang='lat' dir='ltr'>&#39;patefaceret&#39;</span> <span class='ocrx_word' id='word_1_236' title='bbox 385 3200 495 3244; x_wconf 88' lang='lat' dir='ltr'>eorum</span> <span class='ocrx_word' id='word_1_237' title='bbox 511 3177 785 3264; x_wconf 75' lang='lat' dir='ltr'>explanationem</span> <span class='ocrx_word' id='word_1_238' title='bbox 794 3199 866 3244; x_wconf 89' lang='lat' dir='ltr'>oum</span> <span class='ocrx_word' id='word_1_239' title='bbox 888 3177 1088 3248; x_wconf 87' lang='lat' dir='ltr'>ethnicorum</span> <span class='ocrx_word' id='word_1_240' title='bbox 1109 3179 1306 3266; x_wconf 85' lang='lat' dir='ltr'>dogmatum</span> <span class='ocrx_word' id='word_1_241' title='bbox 1326 3203 1376 3246; x_wconf 85' lang='lat' dir='ltr'>ex-</span> 
     </span>
     <span class='ocr_line' id='line_1_30' title="bbox 143 3279 1377 3370; baseline 0 -22"><span class='ocrx_word' id='word_1_242' title='bbox 143 3281 332 3370; x_wconf 86' lang='lat' dir='ltr'>plicatione</span> <span class='ocrx_word' id='word_1_243' title='bbox 347 3279 548 3369; x_wconf 78' lang='lat' dir='ltr'>permiscuit,</span> <span class='ocrx_word' id='word_1_244' title='bbox 559 3301 792 3366; x_wconf 79' lang='lat' dir='ltr'>sermonesque</span> <span class='ocrx_word' id='word_1_245' title='bbox 807 3301 883 3346; x_wconf 90' lang='lat' dir='ltr'>suos</span> <span class='ocrx_word' id='word_1_246' title='bbox 897 3281 1109 3349; x_wconf 84' lang='lat' dir='ltr'>intersecarit</span> <span class='ocrx_word' id='word_1_247' title='bbox 1123 3305 1167 3348; x_wconf 85' lang='lat' dir='ltr'>ao</span> <span class='ocrx_word' id='word_1_248' title='bbox 1181 3281 1263 3365; x_wconf 72' lang='lat' dir='ltr'>data</span> <span class='ocrx_word' id='word_1_249' title='bbox 1284 3305 1377 3369; x_wconf 87' lang='lat' dir='ltr'>opera</span> 
     </span>
     <span class='ocr_line' id='line_1_31' title="bbox 87 3380 1375 3472; baseline 0 -22"><span class='ocrx_word' id='word_1_250' title='bbox 87 3429 92 3438; x_wconf 65' lang='lat'><em>‹</em></span> <span class='ocrx_word' id='word_1_251' title='bbox 142 3383 359 3472; x_wconf 89' lang='lat' dir='ltr'>·aproposito</span> <span class='ocrx_word' id='word_1_252' title='bbox 375 3405 472 3470; x_wconf 87' lang='lat' dir='ltr'>saepe</span> <span class='ocrx_word' id='word_1_253' title='bbox 493 3381 622 3469; x_wconf 88' lang='lat' dir='ltr'>saepius</span> <span class='ocrx_word' id='word_1_254' title='bbox 644 3380 811 3466; x_wconf 87' lang='lat' dir='ltr'>digressus</span> <span class='ocrx_word' id='word_1_255' title='bbox 833 3387 896 3452; x_wconf 85' lang='lat' dir='ltr'>est.</span> <span class='ocrx_word' id='word_1_256' title='bbox 939 3383 1092 3470; x_wconf 88' lang='lat' dir='ltr'>Denique</span> <span class='ocrx_word' id='word_1_257' title='bbox 1110 3407 1175 3454; x_wconf 89' lang='lat' dir='ltr'>non</span> <span class='ocrx_word' id='word_1_258' title='bbox 1195 3383 1284 3450; x_wconf 85' lang='lat' dir='ltr'>alius</span> <span class='ocrx_word' id='word_1_259' title='bbox 1307 3382 1375 3452; x_wconf 83' lang='lat' dir='ltr'>Ole-</span> 
     </span>
    </p>
   </div>
   <div class='ocr_carea' id='block_1_13' title="bbox 158 3482 1375 3674">
    <p class='ocr_par' dir='ltr' id='par_1_13' title="bbox 158 3482 1375 3674">
     <span class='ocr_line' id='line_1_32' title="bbox 158 3482 1374 3562; baseline -0.001 -11"><span class='ocrx_word' id='word_1_260' title='bbox 158 3486 288 3562; x_wconf 87' lang='lat' dir='ltr'>mentis,</span> <span class='ocrx_word' id='word_1_261' title='bbox 305 3485 402 3551; x_wconf 89' lang='lat' dir='ltr'>sicuti</span> <span class='ocrx_word' id='word_1_262' title='bbox 418 3483 522 3552; x_wconf 89' lang='lat' dir='ltr'>adbuc</span> <span class='ocrx_word' id='word_1_263' title='bbox 537 3482 687 3562; x_wconf 89' lang='lat' dir='ltr'>vidimus,</span> <span class='ocrx_word' id='word_1_264' title='bbox 709 3484 743 3550; x_wconf 92' lang='lat' dir='ltr'>in</span> <span class='ocrx_word' id='word_1_265' title='bbox 765 3485 943 3554; x_wconf 80' lang='lat' dir='ltr'>scribendis</span> <span class='ocrx_word' id='word_1_266' title='bbox 965 3485 1172 3557; x_wconf 74' lang='lat' dir='ltr'>seronatum</span> <span class='ocrx_word' id='word_1_267' title='bbox 1188 3486 1290 3554; x_wconf 86' lang='lat' dir='ltr'>libris</span> <span class='ocrx_word' id='word_1_268' title='bbox 1308 3487 1374 3554; x_wconf 84' lang='lat' dir='ltr'>finis</span> 
     </span>
     <span class='ocr_line' id='line_1_33' title="bbox 159 3585 1375 3674; baseline 0.002 -21"><span class='ocrx_word' id='word_1_269' title='bbox 159 3589 194 3666; x_wconf 79' lang='lat' dir='ltr'>et</span> <span class='ocrx_word' id='word_1_270' title='bbox 209 3609 327 3674; x_wconf 81' lang='lat' dir='ltr'>scopus</span> <span class='ocrx_word' id='word_1_271' title='bbox 350 3586 424 3664; x_wconf 87' lang='lat' dir='ltr'>fuit,</span> <span class='ocrx_word' id='word_1_272' title='bbox 445 3609 542 3672; x_wconf 87' lang='lat' dir='ltr'>quem</span> <span class='ocrx_word' id='word_1_273' title='bbox 561 3588 600 3652; x_wconf 93' lang='lat' dir='ltr'>ut</span> <span class='ocrx_word' id='word_1_274' title='bbox 620 3585 806 3654; x_wconf 87' lang='lat' dir='ltr'>christianis</span> <span class='ocrx_word' id='word_1_275' title='bbox 827 3609 936 3655; x_wconf 85' lang='lat' dir='ltr'>veram</span> <span class='ocrx_word' id='word_1_276' title='bbox 958 3593 994 3658; x_wconf 88' lang='lat' dir='ltr'>et</span> <span class='ocrx_word' id='word_1_277' title='bbox 1011 3591 1223 3660; x_wconf 84' lang='lat' dir='ltr'>orthodoxam</span> <span class='ocrx_word' id='word_1_278' title='bbox 1244 3591 1375 3660; x_wconf 81' lang='lat' dir='ltr'>demon·</span> 
     </span>
    </p>
   </div>
   <div class='ocr_carea' id='block_1_14' title="bbox 141 3687 1374 3779">
    <p class='ocr_par' dir='ltr' id='par_1_14' title="bbox 141 3687 1374 3779">
     <span class='ocr_line' id='line_1_34' title="bbox 141 3687 1374 3779; baseline 0.002 -22"><span class='ocrx_word' id='word_1_279' title='bbox 141 3689 281 3757; x_wconf 76' lang='lat' dir='ltr'>&#39;straret</span> <span class='ocrx_word' id='word_1_280' title='bbox 295 3687 460 3774; x_wconf 89' lang='lat' dir='ltr'>religionis</span> <span class='ocrx_word' id='word_1_281' title='bbox 475 3690 606 3758; x_wconf 87' lang='lat' dir='ltr'>nostrae</span> <span class='ocrx_word' id='word_1_282' title='bbox 621 3689 812 3768; x_wconf 87' lang='lat' dir='ltr'>doctrinam,</span> <span class='ocrx_word' id='word_1_283' title='bbox 828 3713 866 3758; x_wconf 88' lang='lat' dir='ltr'>uo</span> <span class='ocrx_word' id='word_1_284' title='bbox 882 3715 1051 3771; x_wconf 88' lang='lat' dir='ltr'>summum,</span> <span class='ocrx_word' id='word_1_285' title='bbox 1071 3693 1226 3779; x_wconf 87' lang='lat' dir='ltr'>adquam</span> <span class='ocrx_word' id='word_1_286' title='bbox 1243 3697 1374 3763; x_wconf 90' lang='lat' dir='ltr'>conten·</span> 
     </span>
    </p>
   </div>
   <div class='ocr_carea' id='block_1_15' title="bbox 159 3789 1374 3884">
    <p class='ocr_par' dir='ltr' id='par_1_15' title="bbox 159 3789 1374 3884">
     <span class='ocr_line' id='line_1_35' title="bbox 159 3789 1374 3884; baseline 0.002 -26"><span class='ocrx_word' id='word_1_287' title='bbox 159 3792 235 3858; x_wconf 89' lang='lat' dir='ltr'>dere</span> <span class='ocrx_word' id='word_1_288' title='bbox 251 3813 377 3879; x_wconf 88' lang='lat' dir='ltr'>semper</span> <span class='ocrx_word' id='word_1_289' title='bbox 390 3789 521 3869; x_wconf 88' lang='lat' dir='ltr'>debent,</span> <span class='ocrx_word' id='word_1_290' title='bbox 542 3791 628 3858; x_wconf 93' lang='lat' dir='ltr'>illius</span> <span class='ocrx_word' id='word_1_291' title='bbox 649 3793 890 3881; x_wconf 87' lang='lat' dir='ltr'>perlectionem.</span> <span class='ocrx_word' id='word_1_292' title='bbox 934 3797 1041 3882; x_wconf 82' lang='lat' dir='ltr'>Atqui</span> <span class='ocrx_word' id='word_1_293' title='bbox 1062 3795 1142 3864; x_wconf 85' lang='lat' dir='ltr'>nibil</span> <span class='ocrx_word' id='word_1_294' title='bbox 1161 3794 1259 3884; x_wconf 88' lang='lat' dir='ltr'>plane</span> <span class='ocrx_word' id='word_1_295' title='bbox 1278 3819 1322 3864; x_wconf 85' lang='lat' dir='ltr'>ex</span> <span class='ocrx_word' id='word_1_296' title='bbox 1339 3795 1374 3860; x_wconf 87' lang='lat' dir='ltr'>iis</span> 
     </span>
    </p>
   </div>
   <div class='ocr_carea' id='block_1_16' title="bbox 142 3891 1374 3986">
    <p class='ocr_par' dir='ltr' id='par_1_16' title="bbox 142 3891 1374 3986">
     <span class='ocr_line' id='line_1_36' title="bbox 142 3891 1374 3986; baseline 0 -24"><span class='ocrx_word' id='word_1_297' title='bbox 142 3893 308 3962; x_wconf 83' lang='lat' dir='ltr'>omnibus</span> <span class='ocrx_word' id='word_1_298' title='bbox 333 3893 367 3958; x_wconf 93' lang='lat' dir='ltr'>in</span> <span class='ocrx_word' id='word_1_299' title='bbox 392 3891 452 3959; x_wconf 87' lang='lat' dir='ltr'>bac</span> <span class='ocrx_word' id='word_1_300' title='bbox 484 3895 742 3981; x_wconf 84' lang='lat' dir='ltr'>pseudo-octavo</span> <span class='ocrx_word' id='word_1_301' title='bbox 772 3896 976 3966; x_wconf 71' lang='lat' dir='ltr'>stromatum</span> <span class='ocrx_word' id='word_1_302' title='bbox 1005 3898 1089 3964; x_wconf 90' lang='lat' dir='ltr'>libro</span> <span class='ocrx_word' id='word_1_303' title='bbox 1113 3897 1295 3986; x_wconf 87' lang='lat' dir='ltr'>reperitur:</span> <span class='ocrx_word' id='word_1_304' title='bbox 1324 3895 1374 3964; x_wconf 87' lang='lat' dir='ltr'>sed</span> 
     </span>
    </p>
   </div>
   <div class='ocr_carea' id='block_1_17' title="bbox 157 3995 1374 4396">
    <p class='ocr_par' dir='ltr' id='par_1_17' title="bbox 157 3995 1374 4396">
     <span class='ocr_line' id='line_1_37' title="bbox 158 3995 1374 4090; baseline 0.002 -26"><span class='ocrx_word' id='word_1_305' title='bbox 158 3995 283 4083; x_wconf 85' lang='lat' dir='ltr'>logicae</span> <span class='ocrx_word' id='word_1_306' title='bbox 297 3997 437 4074; x_wconf 84' lang='lat' dir='ltr'>tantum,</span> <span class='ocrx_word' id='word_1_307' title='bbox 454 4019 512 4064; x_wconf 91' lang='lat' dir='ltr'>eeu</span> <span class='ocrx_word' id='word_1_308' title='bbox 526 3997 724 4077; x_wconf 83' lang='lat' dir='ltr'>dialecticae,</span> <span class='ocrx_word' id='word_1_309' title='bbox 740 4001 779 4064; x_wconf 92' lang='lat' dir='ltr'>ut</span> <span class='ocrx_word' id='word_1_310' title='bbox 793 3998 944 4078; x_wconf 89' lang='lat' dir='ltr'>diximus,</span> <span class='ocrx_word' id='word_1_311' title='bbox 966 4003 1019 4068; x_wconf 86' lang='lat' dir='ltr'>est</span> <span class='ocrx_word' id='word_1_312' title='bbox 1037 4003 1213 4078; x_wconf 81' lang='lat' dir='ltr'>tractatus,</span> <span class='ocrx_word' id='word_1_313' title='bbox 1231 4002 1295 4090; x_wconf 86' lang='lat' dir='ltr'>qui</span> <span class='ocrx_word' id='word_1_314' title='bbox 1317 4023 1374 4068; x_wconf 90' lang='lat' dir='ltr'>non</span> 
     </span>
     <span class='ocr_line' id='line_1_38' title="bbox 158 4095 1374 4194; baseline 0.002 -29"><span class='ocrx_word' id='word_1_315' title='bbox 158 4099 264 4186; x_wconf 89' lang='lat' dir='ltr'>magis</span> <span class='ocrx_word' id='word_1_316' title='bbox 286 4098 329 4164; x_wconf 89' lang='lat' dir='ltr'>ad</span> <span class='ocrx_word' id='word_1_317' title='bbox 348 4095 559 4178; x_wconf 85' lang='lat' dir='ltr'>christianos,</span> <span class='ocrx_word' id='word_1_318' title='bbox 585 4123 682 4190; x_wconf 88' lang='lat' dir='ltr'>quom</span> <span class='ocrx_word' id='word_1_319' title='bbox 701 4121 859 4188; x_wconf 84' lang='lat' dir='ltr'>paganos,</span> <span class='ocrx_word' id='word_1_320' title='bbox 886 4107 921 4170; x_wconf 92' lang='lat' dir='ltr'>et</span> <span class='ocrx_word' id='word_1_321' title='bbox 939 4103 1019 4175; x_wconf 85' lang='lat' dir='ltr'>aiios</span> <span class='ocrx_word' id='word_1_322' title='bbox 1041 4103 1205 4194; x_wconf 89' lang='lat' dir='ltr'>quoslibet</span> <span class='ocrx_word' id='word_1_323' title='bbox 1221 4104 1374 4170; x_wconf 59' lang='lat' dir='ltr'>*homines</span> 
     </span>
     <span class='ocr_line' id='line_1_39' title="bbox 159 4200 1374 4296; baseline 0.001 -27"><span class='ocrx_word' id='word_1_324' title='bbox 159 4201 541 4291; x_wconf 74' lang='lat' dir='ltr'>speetatetpertinet‘2).“</span> <span class='ocrx_word' id='word_1_325' title='bbox 557 4200 686 4285; x_wconf 82' lang='lat' dir='ltr'>Quibus</span> <span class='ocrx_word' id='word_1_326' title='bbox 698 4203 858 4270; x_wconf 89' lang='lat' dir='ltr'>enucleari</span> <span class='ocrx_word' id='word_1_327' title='bbox 869 4207 1105 4284; x_wconf 88' lang='lat' dir='ltr'>causamillam,</span> <span class='ocrx_word' id='word_1_328' title='bbox 1121 4205 1207 4296; x_wconf 88' lang='lat' dir='ltr'>quod</span> <span class='ocrx_word' id='word_1_329' title='bbox 1218 4207 1374 4273; x_wconf 90' lang='lat' dir='ltr'>nibilcnm</span> 
     </span>
     <span class='ocr_line' id='line_1_40' title="bbox 157 4303 1374 4396; baseline 0.001 -25"><span class='ocrx_word' id='word_1_330' title='bbox 157 4303 289 4394; x_wconf 91' lang='lat' dir='ltr'>reliquis</span> <span class='ocrx_word' id='word_1_331' title='bbox 298 4303 418 4370; x_wconf 86' lang='lat' dir='ltr'>Strom.</span> <span class='ocrx_word' id='word_1_332' title='bbox 433 4304 552 4372; x_wconf 87' lang='lat' dir='ltr'>habeat</span> <span class='ocrx_word' id='word_1_333' title='bbox 565 4327 742 4385; x_wconf 88' lang='lat' dir='ltr'>commuue,</span> <span class='ocrx_word' id='word_1_334' title='bbox 755 4311 904 4396; x_wconf 89' lang='lat' dir='ltr'>apertum</span> <span class='ocrx_word' id='word_1_335' title='bbox 917 4311 978 4375; x_wconf 85' lang='lat' dir='ltr'>est.</span> <span class='ocrx_word' id='word_1_336' title='bbox 994 4307 1164 4382; x_wconf 82' lang='lat' dir='ltr'>Dividitur</span> <span class='ocrx_word' id='word_1_337' title='bbox 1177 4307 1310 4376; x_wconf 84' lang='lat' dir='ltr'>enimin</span> <span class='ocrx_word' id='word_1_338' title='bbox 1321 4309 1374 4374; x_wconf 89' lang='lat' dir='ltr'>has</span> 
     </span>
    </p>
   </div>
   <div class='ocr_carea' id='block_1_18' title="bbox 158 4463 361 4476">
    <p class='ocr_par' dir='ltr' id='par_1_18' title="bbox 158 4463 361 4476">
     <span class='ocr_line' id='line_1_41' title="bbox 158 4463 361 4476; baseline -0.015 0"><span class='ocrx_word' id='word_1_339' title='bbox 158 4463 361 4476; x_wconf 60' lang='lat' dir='ltr'>m</span> 
     </span>
    </p>
   </div>
   <div class='ocr_carea' id='block_1_19' title="bbox 195 4543 549 4705">
    <p class='ocr_par' dir='ltr' id='par_1_19' title="bbox 195 4543 549 4705">
     <span class='ocr_line' id='line_1_42' title="bbox 195 4543 549 4615; baseline -0.011 -11"><span class='ocrx_word' id='word_1_340' title='bbox 195 4596 199 4604; x_wconf 92' lang='grc'><em>,</em></span> <span class='ocrx_word' id='word_1_341' title='bbox 215 4548 240 4615; x_wconf 88' lang='lat'>¹)</span> <span class='ocrx_word' id='word_1_342' title='bbox 257 4549 296 4600; x_wconf 89' lang='lat' dir='ltr'>De</span> <span class='ocrx_word' id='word_1_343' title='bbox 308 4548 396 4601; x_wconf 81' lang='lat' dir='ltr'>ecbola</span> <span class='ocrx_word' id='word_1_344' title='bbox 407 4547 452 4600; x_wconf 84' lang='lat' dir='ltr'>Al.</span> <span class='ocrx_word' id='word_1_345' title='bbox 465 4543 549 4615; x_wconf 48' lang='lat' dir='ltr'>prbi.</span> 
     </span>
     <span class='ocr_line' id='line_1_43' title="bbox 212 4630 428 4705; baseline 0 -17"><span class='ocrx_word' id='word_1_346' title='bbox 212 4632 237 4704; x_wconf 84' lang='lat'>²)</span> <span class='ocrx_word' id='word_1_347' title='bbox 253 4634 271 4692; x_wconf 94' lang='lat' dir='ltr'>l.</span> <span class='ocrx_word' id='word_1_348' title='bbox 281 4637 299 4688; x_wconf 92' lang='lat' dir='ltr'>l.</span> <span class='ocrx_word' id='word_1_349' title='bbox 311 4652 335 4705; x_wconf 85' lang='lat' dir='ltr'>p.</span> <span class='ocrx_word' id='word_1_350' title='bbox 351 4630 428 4690; x_wconf 78' lang='lat'><strong>1291.</strong></span> 
     </span>
    </p>
   </div>
   <div class='ocr_carea' id='block_1_20' title="bbox 0 0 1416 5052">
    <p class='ocr_par' dir='ltr' id='par_1_20' title="bbox 0 0 1416 5052">
     <span class='ocr_line' id='line_1_44' title="bbox 0 0 1416 5052; baseline 0 0"><span class='ocrx_word' id='word_1_351' title='bbox 0 0 1416 5052; x_wconf 95' lang='lat' dir='ltr'> </span> 
     </span>
    </p>
   </div>
  </div>
 </body>
</html>
