2884 5058
674 299 1026 422 Q''

168 483 306 573 Photius
320 503 391 593 ipss
402 504 559 606 eiusmodi
572 495 832 600 interpolationis
846 507 898 575 vel
907 506 1011 575 totius
1023 505 1129 596 operis
1142 491 1304 596 deperditi
1313 495 1383 576 locs
1430 555 1431 570 .

168 609 424 698 interpositionis
435 607 651 698 suspicionem
662 612 802 700 aliquam
813 610 926 687 habet3
941 631 1033 678 namt
1050 610 1134 676 sive
1149 607 1382 697 ipse,'inquit,

123 759 127 766 -
169 709 352 801 (Clemens)
369 712 451 780 sive
466 713 569 780 alius
584 713 673 799 quis
689 733 895 802 personam
912 712 996 778 sius
1013 699 1182 780 indutus
1194 715 1381 800 (nugatur).

167 811 236 880 Nec
248 837 323 880 vero
337 813 386 880 ita
399 813 629 908 interpolatum
643 815 745 906 ipisse
759 815 888 882 videtur
897 813 957 880 hoc
968 835 1061 902 opus,
1077 817 1115 880 ut
1125 813 1265 881 Photius
1276 816 1383 881 omnia

169 915 348 984 Clementis
362 917 461 983 verba
474 917 635 985 erroribus
646 906 849 1006 interpositis
864 919 959 984 aucta
969 909 1115 1003 legisset,
1133 905 1189 982 sed
1199 917 1249 982 ita
1259 914 1382 1006 potius,

81 1057 85 1064 ·
168 1021 207 1086 ut
221 1018 328 1085 omnia
341 1019 512 1086 haereticis
527 1019 812 1109 opinionibusillis
827 1024 915 1087 recte
926 1019 1133 1086 adversantia
1142 1019 1248 1086 eiecta
1260 1023 1384 1089 essent.

159 1119 304 1188 Photius
319 1122 403 1190 enim
415 1121 449 1190 in
465 1133 523 1188 s'uo
538 1121 646 1190 codiee
661 1145 793 1211 parvam
810 1145 835 1190 s.
848 1143 873 1188 s.
890 1119 1130 1210 Scripturarum
1141 1123 1269 1209 partem
1281 1121 1383 1209 expli·
1432 1136 1433 1194 l

130 1282 135 1293 .
168 1227 274 1290 catam
288 1245 361 1291 esse
375 1225 535 1304 testatum
551 1225 714 1292 Eusebius
730 1230 852 1304 contra,
869 1226 902 1290 in
913 1213 1192 1320 Hypotyposlbus
1201 1219 1380 1291 Clementis

166 1326 334 1394 universas
350 1327 538 1416 scripturas,
554 1350 618 1395 non
634 1330 736 1412 solum
752 1351 818 1408 eas,
835 1350 917 1416 quas
932 1326 1074 1392 omnium
1088 1344 1247 1393 consensu
1263 1343 1378 1416 appro·
1432 1333 1433 1378 ἐ

166 1428 293 1506 bentur,
305 1451 417 1496 verum
432 1429 530 1495 etiam
541 1429 625 1510 illas,
645 1419 815 1519 dequibus
832 1430 876 1496 sit
888 1427 1119 1503 controversia,
1134 1429 1380 1518 interpretatio-

165 1543 239 1598 nem
252 1534 367 1598 nactas
382 1553 453 1598 esse
467 1536 589 1598 narrat.
617 1533 733 1622 ltaque
747 1533 865 1600 Photio
880 1543 1033 1618 magnum
1047 1523 1176 1598 tantum
1186 1533 1261 1602 ,veri
1275 1535 1382 1622 operis

163 1634 381 1720 fragmentum
396 1621 527 1722 praesto
541 1633 620 1714 luit,
637 1637 736 1724 idque
761 1635 802 1704 ab
822 1635 992 1702 haereticis
1013 1623 1202 1722 turpissime
1222 1635 1382 1724 deprava-

164 1738 283 1830 tum1).
315 1735 383 1826 ¹,Ad
408 1757 468 1802 nos
486 1758 562 1803 vero
586 1737 647 1804 hoc
676 1761 741 1805 non
765 1728 922 1828 pervenit
967 1737 1033 1803 Sed
1056 1725 1154 1802 etiarn
1173 1725 1383 1825 'praeclarum

164 1843 247 1926 'opus
260 1839 368 1927 ipsum
390 1840 571 1930 temporum
591 1841 709 1908 iniuria
723 1842 859 1930 periisse
878 1839 1018 1908 videtur.
1063 1837 1151 1904 Nihil
1169 1839 1277 1937 adhuc
1292 1841 1382 1908 inve-
1431 1817 1434 1944 l

164 1942 227 2008 biri
241 1941 365 2036 potuit,
391 1939 455 2008 nisi
473 1953 575 2029 parva
589 1933 750 2029 quasdam
768 1943 950 2029 fragmenta
969 1965 988 2008 a
1008 1941 1145 2009 diversis
1166 1941 1381 2030 scriptoribus
1433 1949 1434 1994 ἓ

165 2047 303 2136 serrata.
349 2042 554 2131 Quamquam
568 2046 620 2112 vel
635 2067 675 2111 ex
689 2045 739 2112 his
755 2031 971 2134 paucissimis,
986 2047 1142 2135 quantam
1156 2043 1321 2111 iacturam
1336 2045 1380 2112 ie·
1434 2052 1435 2140 l

163 2147 311 2225 ee'rimus,
326 2147 403 2214 lieet
416 2148 547 2226 coniici3
571 2148 657 2234 quod
676 2150 784 2214 tamen
799 2149 838 2212 ut
852 2169 985 2236 prorsus
1005 2145 1219 2233 intelligatur,
1245 2145 1379 2236 longum
1434 2141 1435 2166 .

163 2250 198 2320 st
211 2249 440 2337 gravissimum
455 2250 590 2321 Eusebii
604 2251 825 2318 testimonium
842 2249 1030 2336 adverbum
1045 2248 1292 2315 transscribam.
1321 2249 1380 2329 „In

160 2353 263 2434 libris,
288 2351 406 2439 inquit,
423 2351 678 2430 Ὓποτυπώὸεων,
706 2356 746 2418 ut·
760 2352 945 2418 summatim
960 2351 1244 2440 comprehendam,
1275 2354 1379 2420 totius
1434 2405 1435 2412 ,

161 2439 366 2550 Testamenti
381 2451 569 2544 Scripturas
584 2431 696 2522 breves
712 2455 789 2521 lecit
804 2455 1045 2543 explicationes,
1066 2463 1107 2520 ne
1122 2465 1176 2519 eos
1192 2451 1329 2540 quidem
1342 2455 1380 2522 li-

161 2557 254 2636 bros,
282 2556 458 2644 dequibus
477 2557 693 2646 disceptatur,
723 2557 894 2624 omittens:
917 2557 1017 2622 ludas
1042 2555 1214 2643 epistolam
1233 2556 1322 2636 dico,
1349 2557 1380 2624 st

163 2661 361 2740 Catholicae,
376 2665 412 2728 et
425 2661 595 2750 epistolam
606 2659 787 2737 Barnabae,
802 2663 838 2726 et
849 2647 1089 2735 revelationem,
1105 2673 1187 2744 quae
1199 2659 1295 2728 Petri
1311 2683 1378 2730 esse
1435 2703 1436 2718 .

63 2753 69 2762 ¹
152 2765 290 2852 dicitis.
331 2765 514 2855 Epistolam
528 2765 608 2832 item
616 2765 664 2834 ¹ad
678 2752 846 2830 Hebraeos
862 2761 957 2828 Pauli
968 2783 1041 2828 esse
1056 2749 1206 2859 affirmat,
1222 2765 1259 2830 et
1276 2767 1373 2852 scrip·

160 2870 229 2936 tam
255 2867 391 2954 quidem·
405 2889 551 2937 sermons
570 2867 612 2934 ad
626 2861 795 2934 Hebraeos
819 2865 983 2932 Hebraico
990 2889 999 2942 3
1022 2864 1155 2932 Lucam.
1172 2867 1286 2931 autem
1310 2865 1375 2932 dili·

161 2973 276 3059 genter
290 2955 372 3051 sam,
387 2973 426 3038 ut
442 2969 576 3042 Graecis
591 2971 712 3048 ederet,
726 2970 760 3036 in
773 2965 934 3038 Graecum
950 2967 1103 3045 vertisse,
1129 2965 1214 3032 unde
1229 2963 1265 3032 in
1283 2967 1377 3034 huius

100 3113 102 3116 ·
161 3075 318 3163 epistolas
328 3074 596 3162 interpretatione
610 3073 696 3138 idem
710 3071 807 3148 color,
823 3073 921 3158 atque
934 3071 969 3135 in
983 3059 1080 3135 Actis
1095 3068 1294 3136 inveniatur.
1324 3069 1378 3136 In·

162 3174 370 3265 scriptionem
384 3196 492 3264 porro,
522 3175 672 3244 Paulus
700 3171 941 3262 Apostolus,
964 3193 1028 3238 non
1044 3171 1113 3238 sine
1133 3193 1232 3268 causa
1251 3171 1289 3237 in
1312 3173 1378 3262 epi·

162 3279 264 3346 stolae
278 3267 448 3367 'principio
473 3279 575 3344 tuisse
594 3277 871 3365 praetermissam
899 3295 975 3340 nam
998 3269 1098 3363 ¹quum
1130 3273 1171 3339 ad
1195 3273 1378 3354 Hebraeos,

161 3379 416 3468 praeindicatam
431 3380 470 3446 ds
487 3401 524 3446 eo
538 3379 721 3467 opinionem
739 3378 1017 3470 suspicionemque
1031 3372 1188 3444 habentes
1205 3377 1380 3466 epistolam

121 3529 124 3535 -
163 3482 327 3560 scriberet,
348 3505 389 3548 ue
404 3482 517 3549 statim
531 3482 625 3547 initio
640 3502 694 3546 eos
709 3501 843 3570 prorsus
858 3482 1030 3557 averteret,
1044 3472 1161 3546 nomen
1175 3503 1250 3546 eum
1265 3482 1379 3548 admo-

160 3585 237 3652 dum
252 3583 428 3673 prudenter
448 3606 512 3650 non
532 3582 748 3671 inscripsisse.
792 3583 920 3676 Deinde
941 3585 1049 3650 autem
1070 3582 1175 3669 magis
1194 3581 1282 3650 inira
1301 3583 1380 3651 haec

159 3688 266 3756 addit:
291 3687 362 3752 Iam
382 3707 474 3764 uero,
505 3679 592 3751 sicuti
614 3683 730 3752 beatus
756 3685 886 3774 quidam
911 3685 1083 3774 presbyter
1102 3685 1197 3767 dixit,
1225 3687 1378 3772 quoniam

160 3777 338 3866 Dominus,
363 3787 435 3878 ipse
456 3786 565 3854 Patris
585 3788 636 3854 sui
660 3787 891 3876 omnipotentis
917 3789 1114 3876 Apostolus,
1141 3789 1183 3854 ad
1207 3787 1378 3859 Hebraeos

159 3892 279 3960 missus
300 3881 379 3969 fuit,
409 3881 543 3958 Paulus¹
562 3890 679 3980 quippe
708 3891 827 3956 missus
857 3892 898 3958 ad
922 3895 1036 3980 gentes
1065 3891 1211 3960 modeste
1237 3891 1377 3982 quidem,

160 4014 260 4086 quam
299 3993 341 4059 ad
372 3991 539 4062 Hebraeos
567 3992 737 4070 scriberet,
769 3992 962 4081 Apostolum
991 3993 1214 4088 Hebraeorum
1250 4017 1286 4062 se
1315 4017 1379 4061 non

159 4095 342 4186 inscripsit,
374 4094 501 4182 partim
536 4095 671 4182 propter
710 4111 800 4160 snam
832 4116 910 4182 erga
940 4095 1117 4162 Dominum
1151 4097 1376 4176 reverentiam,

159 4199 279 4288 partim
304 4217 345 4263 ne
372 4196 412 4262 ut
440 4194 586 4282 gentium
611 4216 728 4284 praeco
752 4201 786 4263 et
805 4197 987 4286 Apostolus
1015 4187 1143 4288 praeter
1163 4187 1314 4265 ‘efficium
1338 4197 1378 4265 ad

159 4289 328 4367 Hebraeos
357 4299 495 4366 scribera
520 4297 692 4364 videretur.
749 4299 851 4366 Porro
880 4305 989 4368 autem
1019 4295 1169 4368 Clemens*
1193 4299 1228 4367 in
1256 4301 1379 4368 eisdem

158 4403 250 4470 libris
270 4401 478 4470 traditionem
499 4399 539 4466 ds
565 4403 747 4489 temporum
767 4388 893 4481 ordine,
919 4403 1035 4490 quibus
1056 4402 1237 4490 Evangelia
1256 4404 1379 4493 scripta

160 4507 269 4585 erant,
310 4527 330 4571 a
365 4501 565 4593 presbyteris
600 4503 765 4572 veteribus
782 4507 970 4594 acceptam
1003 4507 1065 4576 hoo
1102 4507 1198 4574 modo
1232 4507 1376 4598 exponit.

162 4615 362 4626 m

116 4671 120 4678 ·
168 4679 173 4698 ι
208 4637 1359 4728 ‘¹)Nomriohaodsrsambr-1820)uudshtsrnmsessssssemumuuno'ridso.
