2820 5052
721 325 784 390 226

144 506 244 576 tibus
261 507 456 596 futurisque,
488 529 574 597 quae
600 509 665 576 fide
696 510 805 578 omnia
839 511 925 578 sunt
951 508 1146 600 praesentia.
1202 504 1404 594 intelligit

42 663 49 682 ι
144 611 253 690 etiem,
268 611 516 700 quidsitiilud:
539 612 1347 701 odioheberepatremetmatremetpro-
1403 591 1404 678 i

143 711 470 830 poriam'animom,
483 715 533 782 et
554 735 709 800 signum
729 720 904 804 portare
947 715 1347 785 Nomctnffeotionescar·
1403 731 1404 790 ι

143 815 194 881 nis
197 837 307 934 ‚quaet
315 816 494 905 voluptatis
509 818 667 884 maximas
683 817 805 886 habent
790 817 998 897 tilleccbres,
1013 817 1094 896 odit,
1110 839 1288 905 magnoque
1300 817 1348 882 de·
1403 821 1404 882 t

143 916 243 1005 spicit
256 917 363 986 animo
377 921 494 998 omnia,
510 941 593 1009 quae
604 919 646 984 cd
657 921 764 988 carnis
776 921 971 1001 creationem
986 926 1021 986 et
1034 919 1268 1004 nutrimentum
1283 924 1349 986 sunt

131 1020 362 1088 ‚accomodata
405 1024 518 1110 Atque
532 1023 658 1088 animae
667 1045 853 1111 corporeae,
869 1023 1040 1111 imperium
1055 1021 1250 1091 detrectasti
1266 1019 1349 1108 spiri·

142 1121 204 1200 tui,
219 1123 345 1210 experti
359 1123 511 1207 rationis,
533 1125 659 1191 frenum
673 1124 788 1204 iniicit,
801 1126 974 1213 ,quonism
992 1147 1083 1194 caro
1111 1121 1350 1211 concupiscit
1403 1149 1404 1152 ¹

106 1224 334 1292 ‘adversus
372 1227 570 1314 spiritum.
611 1228 794 1314 'Signum
822 1231 932 1294 nutem
958 1230 1200 1316 portareest
1225 1227 1348 1299 mortem
1403 1215 1404 1266 i

142 1324 357 1414 circumferre,
372 1332 412 1393 ut
425 1328 519 1396 vivus
533 1331 598 1396 iam
613 1329 763 1398 omnibus
779 1329 969 1398 renunciet..
990 1329 1057 1396 Sed
1068 1332 1139 1396 toto
1150 1328 1204 1398 dic
1215 1350 1254 1395 ac
1266 1328 1349 1394 nocte

140 1427 252 1496 dicens
266 1435 302 1498 et
315 1431 436 1498 iaciens
450 1433 542 1500 iussa
556 1432 705 1510 Domini,
718 1491 722 1504 ,
735 1433 993 1520 laetatursnpra
1007 1431 1148 1509 modum,
1177 1453 1243 1498 non
1258 1428 1347 1497 sotum

7 1535 8 1538 ’
140 1531 218 1598 dnm
229 1555 323 1600 mane
338 1533 446 1621 surgit
460 1539 495 1602 et
515 1535 658 1614 meridie,
682 1535 852 1602 sedetiam
873 1534 950 1602 dum
965 1533 1168 1611 deambulet,
1190 1530 1347 1601 dumdon-

139 1634 211 1712 mit,
225 1639 335 1704 vestes
346 1635 462 1715 induit,
478 1639 580 1716 exuit,
595 1637 672 1704 dum
684 1637 780 1704 docet
793 1636 906 1714 filium,
923 1637 950 1702 si
966 1660 1062 1723 quesn
1072 1635 1182 1713 habet,
1197 1655 1347 1720 nunquan

139 1741 311 1830 separatus
325 1740 514 1828 amandato
528 1739 579 1806 vel
593 1761 613 1805 a
629 1761 702 1828 spe,
723 1739 784 1806 deo
803 1761 931 1827 semper
949 1761 1049 1824 agens
1070 1736 1206 1824 gratias,
1251 1733 1346 1818 Quom

101 1869 106 1876 ¹
138 1840 352 1908 tentationem
364 1841 512 1928 quamvis
523 1842 655 1909 toleret:
672 1841 883 1918 Dominus,
895 1840 1013 1928 inquit,
1025 1840 1151 1918 dedit,
1165 1837 1351 1920 Dominus

137 1942 326 2011 abstulit.
370 1943 426 2010 Sic
438 1948 526 2011 certe
541 1945 649 2013 omnia
666 1943 806 2012 hnmano
822 1967 922 2034 quum
932 1942 1018 2024 mala
1028 1945 1099 2010 tum
1115 1941 1201 2010 bona
1215 1938 1343 2016 terendo,

137 2047 176 2111 ut
186 2045 281 2114 homo
297 2047 342 2113 sit
356 2047 503 2134 superior
523 2048 689 2134 utrisque,
723 2046 780 2114 illu
792 2046 925 2137 quidem
939 2044 1166 2120 conculcando,
1188 2043 1268 2112 haec
1281 2061 1344 2109 vero

139 2150 335 2235 egenist
267 2149 317 2216 dis
320 2149 508 2216 tribuendo¹
514 2157 536 2234 ).

137 2350 269 2431 nobis,
286 2375 378 2420 nom
399 2376 468 2420 nos
491 2353 915 2444 quoquedimittimus.
961 2351 1123 2432 Qnumnu
1125 2355 1193 2419 tem
1157 2295 1344 2420 Servator

9 2511 15 2528 ,
136 2455 258 2532 noster,
274 2455 458 2541 gnosticum
479 2457 700 2544 perfectum
721 2477 795 2522 esse
807 2454 922 2526 sicot
946 2453 1106 2519 Patrem
1127 2452 1343 2530 coelestem,

136 2550 197 2620 boc
211 2559 264 2620 est
279 2556 433 2644 seipsum,
448 2556 582 2624 iusserit
583 2606 592 2638 ,
568 2558 682 2624 thuic
697 2556 836 2646 amplius
846 2577 928 2644 opus
940 2577 1013 2622 esse
1023 2555 1144 2622 auxilio
1155 2579 1215 2642 per
1225 2553 1342 2642 angelos

136 2675 201 2720 non
216 2656 298 2734 vult,
315 2657 372 2724 scd
388 2681 408 2722 n
423 2659 531 2747 seipso
546 2681 619 2726 eum
634 2658 751 2728 habere
763 2658 972 2748 praesidium
1002 2657 1144 2744 Exigit
1156 2658 1263 2745 igitur
1273 2676 1342 2743 gno·

137 2757 414 2826 stionsaDomino
415 2762 647 2850 ,nonpetit,
662 2784 777 2847 neque,
789 2785 816 2828 ιι
828 2783 929 2847 egeam
932 2759 1085 2837 t,iratres
1098 2762 1191 2847 poet
1202 2775 1342 2848 pccumsc

135 2860 257 2949 copias,
273 2885 354 2952 quas
370 2863 417 2930 eis
432 2864 653 2952 impertiatur,
676 2865 733 2930 sed
747 2867 786 2930 ut
799 2862 863 2930 iilis
880 2863 1129 2950 suppeditentur
1144 2884 1199 2942 ea,
1211 2877 1341 2962 quorum

63 3053 67 3060 Ι
135 2961 315 3052 indigeant,
331 2967 528 3055 precabitur.
569 2967 642 3034 Scit
656 2967 755 3032 etiem
770 2969 1009 3054 paupertatem,
1025 2963 1184 3042 morbum,
1198 2964 1278 3034 alias
1291 2951 1340 3028 h'u·

133 3066 274 3134 iusmodi
284 3069 483 3136 tentationes
493 3093 566 3137 esse
578 3067 1082 3158 saepenumeroincorrectionem
1095 3067 1339 3155 praeteritorum,

135 3170 186 3236 rel
199 3172 242 3236 nd
255 3173 439 3240 futurorum
454 3195 574 3240 curam.
617 3172 715 3238 Petet
728 3169 831 3256 igitur
846 3191 959 3257 saepe,
986 3191 1008 3236 u
1009 3168 1087 3247 tbi,
1105 3191 1171 3256 ,qur
1161 3169 1266 3237 talis
1278 3185 1339 3254 ptr·

133 3272 314 3360 potiuntur,
337 3273 546 3342 subleventur
563 3276 710 3351 tantum,
731 3276 771 3338 ut
784 3271 839 3358 qui
851 3271 1003 3342 eximium
1023 3271 1144 3340 habeat
1158 3264 1338 3358 cognitionis

6 3405 8 3432 ι
133 3395 253 3441 munus
266 3389 332 3442 non
346 3377 380 3442 in
391 3399 507 3444 vanam
522 3369 673 3462 gloriam
695 3375 766 3462 ipse
780 3377 891 3443 autem
905 3374 1012 3472 iactus
1034 3379 1086 3442 est
1100 3374 1339 3440 instrumentum

133 3475 186 3544 dei
214 3477 382 3546 bonitatis.
431 3480 493 3543 An
524 3477 715 3555 nescitis,
741 3476 1010 3566 aitApostolus,
1034 3478 1136 3568 quod
1164 3473 1338 3563 templum

110 3578 197 3676 ⁸dci
219 3580 340 3646 estis?
361 3579 511 3658 ,Divinus
532 3598 610 3665 ergo
626 3582 679 3644 est
696 3579 865 3666 gnosticos
881 3581 916 3646 et
929 3579 994 3648 iam
1010 3583 1159 3657 sanctus,
1186 3577 1243 3668 qui
1255 3576 1338 3643 deum

6 3705 53 3782 ·Ι
133 3681 199 3748 fert
213 3684 248 3747 et
261 3681 355 3747 adeo
370 3681 513 3748 affletur.
558 3681 729 3769 Templum
744 3685 854 3748 autem
869 3703 969 3750 uuum
981 3683 1110 3772 quidem
1122 3685 1175 3749 est
1185 3695 1336 3778 magnum

20 3785 22 3791 ’
132 3787 172 3850 ιιι
195 3783 347 3861 ecolesin3
376 3785 513 3850 alterum
539 3803 615 3850 vero
634 3806 787 3870 parvum,
816 3786 856 3848 ιιι
879 3782 991 3862 bomo,
1021 3782 1078 3870 qui
1103 3802 1215 3853 semen
1241 3778 1337 3852 servet

131 3885 293 3954 Abrahae
338 3883 411 3950 Non
431 3885 640 3974 concupiscet
652 3907 730 3973 ergo
751 3884 839 3952 aliud
854 3885 1047 4004 quidquam,
1063 3907 1118 3972 qul
1108 3886 1229 3957 deum
1248 3881 1336 3950 habet
1383 3933 1387 3946 .

130 3987 165 4054 in
180 4009 215 4054 se
229 3986 494 4074 requiescentem.
537 3989 608 4054 Iam
627 4011 703 4056 vero
723 3986 1333 4078 relictisomnibus,quocsnnt1mne⁴

130 4087 285 4167 dimento,
308 4091 458 4177 totoque,
479 4114 562 4178 quac
576 4113 649 4158 eum
664 4089 842 4168 abstrahit,
869 4089 1007 4158 materie
1020 4089 1191 4177 despecto,
1212 4084 1334 4158 scientias

129 4191 253 4258 coelum
274 4195 380 4272 secat3
409 4197 451 4260 ec
468 4217 527 4282 per
547 4192 710 4282 spiritales
730 4194 956 4280 transgressus
976 4192 1136 4265 essentias
1162 4197 1196 4262 ct
1219 4205 1331 4260 omnem

128 4293 347 4384 principatum
361 4317 399 4361 ac
412 4298 614 4382 potestatem
626 4293 736 4382 tangit
755 4315 923 4382 supremos
937 4295 1070 4364 thronos
1086 4296 1128 4368 ad
1146 4289 1330 4367 distentio

127 4397 276 4476 tendens,
291 4396 528 4487 propterquod
546 4394 653 4464 solum
666 4397 828 4485 cognonit.
872 4395 1103 4486 cognitionem
1112 4401 1224 4472 suen
1237 4403 1330 4482 ιριῐθ
1401 4421 1402 4432 ’

128 4501 310 4585 sequuntur
331 4499 423 4568 velut
442 4498 557 4572 umbra
575 4520 702 4590 corpus.
743 4497 865 4572 Merito
880 4518 962 4590 crgo
979 4501 1060 4574 nihil
1077 4523 1152 4576 enm
1165 4490 1331 4576 nonno

182 4635 210 4704 ¹)
226 4652 254 4705 p.
266 4635 414 4696 stt-881.
