2830 5052
747 337 808 402 124

164 543 236 588 suun
251 519 360 588 habet.
405 521 522 612 Itaque
535 521 617 590 duas
632 523 781 601 ninutas,
796 523 981 590 memoriam
998 527 1033 590 et
1046 545 1136 614 apem
1152 523 1360 614 complectitur

164 623 255 690 fides.
298 623 337 688 In
357 622 506 690 omnibus
529 627 636 690 autem
663 625 812 713 gnostico
832 624 951 691 caritas
971 626 1095 704 evenit,
1115 628 1155 691 ut
1175 628 1230 716 qui
1249 627 1360 695 noverit

163 747 263 792 unum
285 725 389 796 deum.
435 723 593 794 Caritatis
615 750 690 794 vero
710 727 838 792 initium
857 727 972 806 timer,
993 727 1048 818 qni
1068 749 1124 815 per
1142 727 1360 794 incrementum

165 826 247 893 fides
263 826 313 910 fit,
329 827 445 894 deinde
457 829 586 896 caritas.
608 829 638 896 N
640 853 676 896 eo
688 831 795 895 tamen
810 832 849 894 ut
863 829 962 896 leram
977 829 1096 896 timens
1111 829 1174 906 odi,
1188 831 1238 896 ita
1251 833 1360 920 patrem

165 951 292 1008 vereor,
316 953 411 1016 quern
431 930 541 1018 potins
561 930 680 999 timens
703 954 784 998 amo.
829 931 875 998 Et
892 921 973 998 fides
994 930 1122 1017 quidem
1141 930 1246 998 virtus
1266 935 1315 997 est
1328 929 1361 996 ad

167 1031 317 1110 salutem,
338 1031 486 1120 potentia
507 1031 669 1100 advitam
694 1038 868 1100 aeternam.
923 1033 990 1100 Sed
1012 1033 1141 1119 qualem
1161 1031 1361 1118 cognitionem

164 1131 313 1221 postulet
336 1134 433 1211 fides,
460 1133 641 1202 videndum.
696 1137 818 1202 Eorum
843 1135 961 1222 igitur,
988 1157 1071 1222 qnae
1095 1135 1263 1224 praedicta
1288 1136 1361 1211 sunt,

166 1235 309 1320 cognitio
339 1235 499 1324 triplicem
529 1238 674 1304 ostendit
704 1240 871 1314 eventum,
902 1237 1131 1326 praeteritum,
1162 1237 1361 1325 praesentem.
1399 1293 1402 1306 .

163 1337 320 1404 futurum.
347 1337 504 1404 Extrema
519 1338 641 1406 cadunt
654 1339 714 1406 sub
727 1339 822 1404 fidem
837 1339 888 1405 vel
906 1345 945 1406 ut
958 1340 1103 1428 perlecta
1117 1339 1223 1406 velut
1237 1342 1361 1427 sperata,

46 1511 49 1518 ,
165 1461 248 1526 quae
267 1443 375 1507 tamen
398 1441 563 1530 accipiunt
587 1441 827 1534 persuasionem
847 1442 1012 1530 praesenti
1038 1443 1185 1529 ἐνεργείᾳ.
1229 1441 1309 1507 Nam
1332 1439 1361 1516 si,

163 1565 261 1636 quum
276 1566 341 1610 nna
357 1543 401 1608 sit
421 1541 601 1631 prophetia,
617 1545 686 1610 eius
702 1543 823 1628 aliquid
834 1543 929 1610 modo
940 1541 1114 1632 perficitur,
1130 1541 1254 1627 aliquid
1269 1545 1361 1608 autem

151 1645 226 1710 iam
241 1645 410 1734 impletum
425 1649 491 1711 est:
514 1645 588 1710 hinc
602 1647 689 1712 certe
703 1643 854 1710 credibile
869 1645 908 1711 lit
922 1649 956 1712 et
970 1645 1014 1724 id,
1036 1643 1123 1730 quod
1143 1643 1250 1712 adhuc
1269 1666 1361 1734 spera·

163 1750 229 1823 tur,
244 1753 279 1812 et
292 1748 342 1825 id,
365 1747 451 1836 quod
472 1745 650 1834 praeteriit.
695 1745 754 1810 Sin
780 1751 888 1812 autern
914 1745 1097 1835 praeteritis
1123 1750 1162 1812 ut
1188 1747 1299 1825 factis,
1323 1744 1362 1810 vel

164 1849 303 1936 speratis
326 1851 365 1914 ut
386 1849 505 1919 futuris
525 1847 735 1922 assentimur,
760 1847 872 1926 fidem,
898 1871 980 1934 quae
1005 1849 1039 1914 in
1064 1846 1167 1924 libera
1192 1849 1362 1915 assensione

166 1947 336 2028 cernitur,¹
350 1949 517 2016 habemus.
569 1951 680 2035 Atque
705 1948 801 2014 fidem
827 1949 1071 2018 etiam.Pastor
1095 1948 1252 2018 laudibus
1274 1951 1361 2025 effert

163 2074 246 2145 quae
262 2052 428 2120 ecclesiam
445 2052 611 2118 contineat
625 2051 831 2141 omniumque
846 2052 1004 2118 virtutum
1020 2055 1124 2141 mater
1139 2051 1194 2118 sit.

228 2155 294 2222 Sed
305 2155 400 2220 fidem
415 2155 561 2244 inprimis
576 2157 755 2244 sequantur
765 2154 850 2220 bona
861 2175 968 2243 opera.
990 2153 1172 2244 Reliquisse
1184 2155 1269 2220 enim
1281 2150 1360 2225 idola,

163 2258 227 2324 nisi
242 2258 384 2347 peccatis
400 2277 527 2347 quoque
542 2257 701 2346 respnde,
722 2255 808 2322 baud
828 2253 928 2322 fuerit
947 2256 1038 2324 satis.
1082 2256 1177 2322 Nihil·
1191 2278 1285 2346 porro
1303 2273 1361 2343 per·

163 2359 305 2437 verrius,
328 2383 424 2450 quam
444 2357 616 2424 continuae
635 2358 853 2448 poenitentiae
874 2379 945 2424 sese
969 2358 1145 2424 identidem
1172 2358 1362 2448 excipientes.

166 2463 205 2528 In
227 2463 340 2528 multis
361 2461 444 2528 enirn
465 2461 675 2550 poenitentiis
697 2481 792 2526 verae
812 2461 1030 2548 poenitentiae
1051 2459 1230 2547 similitudo
1250 2455 1361 2546 conspi-

163 2565 249 2630 citur
263 2588 300 2632 ao
315 2565 448 2652 species.
487 2561 653 2651 Quidquid
669 2565 777 2628 autem
792 2563 1015 2648 delegerimus,
1032 2563 1100 2628 sive
1114 2567 1293 2652 peccatum,
1308 2559 1361 2624 sive

163 2667 329 2744 virtutem,
344 2667 388 2744 id,
403 2687 501 2754 quum
516 2669 689 2754 utrumque
705 2663 792 2730 sitin
803 2665 1069 2753 contrapositum
1081 2667 1257 2755 potestate,
1271 2659 1362 2730 veniet

157 2768 416 2854 viniudicinm1).
472 2821 480 2846 ,

228 2869 326 2954 Quod
340 2887 415 2936 vero
429 2893 493 2936 non
508 2872 560 2936 est
575 2869 807 2949 voluntarium,
834 2867 868 2932 id
883 2890 923 2932 ne
936 2867 1099 2934 iudicatur
1119 2867 1262 2954 quidem.
1303 2863 1362 2932 Hoc

163 2974 246 3040 enim
261 2974 381 3062 partim
396 2971 435 3037 fit
447 2970 643 3060 ignorantia,
659 2971 742 3055 qu'ae
757 2992 815 3057 pro
831 2971 957 3036 obiecto
972 2968 1142 3056 multiplex
1163 2992 1238 3038 esse
1257 2967 1360 3059 potest,

163 3075 283 3164 partim
302 3075 506 3142 necessitate.
549 3073 642 3140 Deus
663 3075 772 3138 autem
791 3071 990 3138 indicaturus
1016 3071 1058 3136 ad
1078 3071 1177 3136 animi
1192 3076 1303 3138 'motus
1321 3089 1361 3134 re·
1389 3075 1392 3081 '

164 3177 273 3265 spicit.
315 3177 542 3244 Voluntarium
563 3178 671 3241 autem
692 3174 743 3240 vel
764 3175 964 3261 appetitione
984 3173 1118 3251 nititur,
1136 3175 1188 3240 vel
1210 3173 1360 3242 electione

163 3278 215 3344 vel
231 3280 403 3356 sententia,
424 3279 541 3364 quibus
561 3276 980 3365 respondentr⁸peccatum,
1000 3275 1230 3354 infortunium,
1250 3269 1361 3342 iniuria·

74 3379 76 3386 ’
163 3381 211 3446 Et
224 3381 435 3447 infortunium
455 3380 583 3466 quidem
604 3381 722 3446 mentis
737 3381 791 3445 est
809 3382 978 3466 peccatum
1003 3381 1131 3467 praeter
1150 3379 1315 3450 rationem,
1332 3369 1363 3434 fil

165 3483 261 3562 enim,
284 3485 369 3568 quod
391 3506 456 3548 non
475 3482 539 3548 luit
557 3481 710 3560 electum3
732 3483 901 3568 peccatum
923 3484 975 3546 est
994 3481 1157 3548 iniustitia
1177 3475 1360 3548 voluntaria

163 3587 328 3652 iniustitia
351 3585 476 3651 malitia
501 3583 694 3650 voluntaria.
746 3583 964 3664 Intortunium
995 3607 1073 3671 ergo
1105 3583 1208 3650 solnm
1234 3577 1361 3648 nonest

165 3679 393 3756 voluntarium.
419 3687 613 3773 Ubicunque
627 3689 736 3752 autem
750 3685 784 3750 in
801 3707 826 3750 s.
842 3707 865 3752 s.
883 3671 1052 3774 scripturis
1068 3686 1260 3774 depereatis
1271 3695 1360 3750 sermo

165 3795 232 3870 est,
253 3790 348 3868 nihil,
369 3789 455 3876 quod
474 3812 539 3854 non
560 3813 601 3854 ex
620 3789 724 3864 libera
747 3787 903 3854 electione
923 3789 1153 3876 proficiscitur,
1180 3807 1316 3874 unquam
1334 3779 1360 3844 iu

165 3893 293 3980 culpam
314 3894 463 3958 vertitur.
507 3893 602 3959 Unus
629 3891 713 3956 onim
740 3889 833 3956 Deus
859 3890 979 3969 bonus,
1004 3891 1059 3980 qui
1084 3894 1119 3957 et
1142 3889 1292 3956 retribuit
1314 3901 1360 3974 pru

164 3995 306 4072 meritis,
335 3997 369 4060 et
389 3997 523 4082 peccata
543 3992 695 4080 ignoscit.
740 3991 996 4084 Sedydisorimen
1020 3994 1107 4060 inter
1133 3994 1266 4080 peccata
1284 4003 1361 4054 sacra

166 4095 265 4161 etiam
281 4095 442 4184 scriptura
457 4097 562 4164 docet.
606 4096 656 4160 At
670 4117 746 4160 vero
761 4093 981 4184 cuiuscunque
995 4096 1120 4184 peccati
1141 4096 1169 4162 si
1183 4085 1277 4185 'quem
1297 4106 1360 4178 pue·

165 4197 261 4276 nitet,
276 4197 392 4279 Pater,
415 4197 471 4286 qui
484 4197 527 4292 in
540 4199 637 4264 coelis
658 4199 725 4275 est,
748 4197 1102 4288 gaudet‚,quamquam
1123 4218 1249 4284 semper
1268 4193 1300 4258 in
1319 4187 1361 4254 viu

165 4298 299 4365 Domini
315 4299 509 4378 ambulasse,
527 4301 612 4366 sicut
626 4299 759 4376 Abrah,
781 4297 1022 4388 pulchrius'est.
1067 4297 1281 4390 Quamobrpm
1299 4291 1360 4357 biut

166 4400 317 4468 hauriens
344 4401 474 4489 sapiens
502 4402 632 4492 quidam
659 4428 699 4522 eps
727 4401 864 4470 Graecis
899 4401 1094 4472 sententiam
1117 4399 1204 4467 illam
1227 4391 1360 4488 protulit:

113 4677 119 4692 .
221 4639 246 4706 ¹)
263 4653 288 4704 p.
300 4637 449 4696 adl-lbi.
