2972 5048
742 327 1042 394 28.2

160 531 222 598 que
235 531 354 590 novum
372 529 474 598 paene
489 509 631 578 codicem
645 513 805 600 colligere.
850 513 917 582 Sed
936 515 1084 604 exemplo
1103 537 1172 584 rem
1191 513 1374 586 illustrabo.

161 613 201 682 In
223 614 291 709 pole
312 612 515 680 Bibliotheca
536 611 736 682 Coisliniana
760 614 847 698 (olim
868 613 1081 704 Seguariana)
1102 621 1225 707 septem
1247 620 1376 688 codices

161 736 257 794 mss,
278 715 397 803 partim
418 716 560 804 optimae
581 718 717 796 aetatis,
737 719 875 786 maiores
893 719 981 787 locos
1003 743 1021 786 e
1042 718 1221 788 Clementis
1242 721 1376 810 seriptis

14 807 17 824 '
160 836 226 886 non
246 838 365 906 paucos
386 817 548 887 exhibent.
592 819 638 886 Et
659 825 737 888 sunt
760 821 793 886 hi
814 821 960 906 quidem,
980 845 1062 909 quos
1089 820 1242 912 Catalogi
1266 825 1376 892 verbis

160 919 391 988 transcribam:

149 1025 155 1036 '
227 1021 363 1110 l.)Cod
384 1021 515 1101 XXV,
536 1021 815 1102 membranaceus,
844 1025 944 1092 seculi
963 1025 1016 1104 X3
1040 1027 1267 1115 complectitur
1287 1027 1379 1099 Aeta

159 1125 392 1214 Apostolorum
408 1128 443 1192 et
456 1123 610 1212 epistolas
626 1125 800 1193 catholicae
815 1147 888 1194 eum
905 1125 1154 1195 Commentariis
1174 1151 1214 1195 ex
1230 1127 1378 1216 Chryso-

164 1237 269 1295 stomo
296 1227 433 1315 aliisque
451 1227 606 1294 Patribus
630 1231 666 1294 et
689 1227 888 1297 Auctoribus
915 1231 1071 1298 collectis.
1115 1229 1155 1298 ln
1181 1232 1298 1340 quibus
1323 1235 1382 1299 est

164 1328 344 1398 Clemens
361 1328 624 1398 stromateus

225 1429 364 1517 2.)cod
381 1430 491 1498 CXII.
494 1430 742 1518 ,bombycinum
765 1434 865 1500 seculi
879 1389 989 1512 XIV„
1010 1457 1067 1520 qur
1055 1432 1227 1502 eontinet
1247 1432 1378 1502 Collec-

160 1537 280 1602 tionem
294 1558 402 1602 rerum
416 1533 585 1601 moralium
601 1555 641 1600 ex
657 1532 820 1624 Operibus
833 1533 1060 1623 Chrysostomi
1071 1540 1105 1604 et
1116 1536 1261 1604 aliorum.
1284 1538 1379 1606 luter

80 1653 84 1660 ’
161 1662 242 1726 quos
257 1639 338 1705 elios
355 1637 501 1703 videmus
524 1633 768 1704 Clementem
791 1637 1119 1706 Alexandrinum.

117 1789 123 1796 -
225 1743 260 1824 3)
285 1737 366 1806 Cod.
386 1738 532 1815 CXIII,
554 1740 829 1819 membranaceus,
844 1742 1124 1828 elegantissimus,
1144 1759 1259 1809 versus
1277 1742 1378 1808 finem

110 1885 123 1914 s
161 1843 261 1910 seouli
275 1842 330 1908 IX
346 1843 448 1930 script
450 1863 541 1918 us,u
520 1841 662 1907 utvidet
647 1845 711 1908 tur.
734 1843 804 1908 Fol.
820 1845 1030 1932 2871egitur.
1052 1843 1379 1918 Theodoretiinloca

161 1943 305 2012 difficilia
329 1943 364 2010 S.
388 1943 586 2031 Scripturae.
630 1943 729 2010 Locis
749 1967 844 2034 porro
860 1946 1054 2014 Theodoreti
1074 1947 1293 2014 admiscentur
1312 1947 1378 2013 alia

160 2047 322 2138 permulta
342 2045 500 2132 quaedam
525 2045 770 2133 longissima
795 2048 829 2114 S.
845 2049 881 2114 S.
903 2048 1039 2114 Petrum
1062 2050 1097 2115 ct
1116 2047 1318 2136 Scriptorum
1324 2073 1334 2126 ;
1357 2071 1377 2116 e

160 2172 324 2236 quorum
345 2168 507 2214 numero
530 2144 722 2214 Clemens.
766 2149 805 2214 In
820 2149 880 2216 hoc
900 2151 1003 2238 igitur
1022 2151 1245 2218 vetustissimo
1265 2151 1375 2218 codice

159 2253 273 2320 insunt
287 2250 570 2342 „longissima“
585 2273 603 2316 e
619 2247 796 2334 Clementis
811 2253 962 2340 operibns
978 2258 1139 2342 excerpta.

222 2357 258 2440 4)
283 2351 364 2420 Cod.
373 2351 472 2432 CCL,
480 2353 703 2439 bombycinus,
716 2354 815 2420 seculi
827 2355 919 2432 XV,
934 2355 1131 2424 fol.3.habet
1142 2351 1376 2422 Collectionem

159 2456 466 2544 interpretationum
493 2479 532 2522 ex
554 2457 691 2523 diversis
718 2457 951 2545 interpretibus
970 2459 1004 2524 in
1025 2481 1051 2524 s.
1076 2457 1290 2546 Evangelium
1311 2479 1376 2524 see.

159 2559 294 2626 Lucam.
337 2558 384 2624 In
404 2557 465 2626 his
488 2559 692 2647 interpret
677 2558 787 2624 tibus
810 2564 1041 2627 numeratur
1063 2558 1256 2627 Clemens.

225 2663 257 2746 5)
282 2658 363 2728 Cod.
381 2651 549 2744 CCLIX,
564 2661 838 2740 membranaceus,
855 2663 954 2729 secoli
971 2663 1047 2744 ΧΙ.,
1061 2662 1116 2728 ιοι.
1132 2664 1184 2728 57.
1204 2663 1376 2750 leguntur·
1414 2715 1417 2720 .

159 2763 195 2830 S.
210 2764 242 2830 A
244 2763 385 2833 thanasii
399 2761 551 2830 Monachi
563 2763 707 2830 Sinaitae
720 2763 959 2852 Responsiones
970 2766 1012 2832 ad
1025 2765 1241 2848 Quaestiones
1249 2761 1376 2830 Orthe

160 2869 316 2934 doxorum
341 2867 381 2932 de
411 2866 510 2933 variis
542 2865 801 2954 capitibus.1n
833 2866 950 2954 quibus
980 2865 1244 2956 responsionibus
1274 2865 1377 2932 etiam

161 2970 239 3038 loci
257 2993 274 3036 e
291 2965 511 3034 Clementrs
528 2967 575 3035 S
560 2968 751 3034 tromatis
765 2969 918 3036 citantur.

225 3072 259 3154 6)
283 3069 363 3138 cod.
380 3067 619 3148 CCLXXVI,
635 3071 910 3150 membranaceus,
930 3071 968 3138 X
983 3069 1082 3138 seculi
1102 3069 1239 3136 circiter.
1285 3065 1378 3136 Con'-

160 3175 245 3240 tinet
259 3173 283 3242 J
283 3173 397 3240 oannis
411 3171 595 3261 presbyteri
609 3176 644 3238 et
656 3174 803 3270 ¹mopaehi
819 3175 968 3260 Eulogas.
979 3229 981 3233 .
991 3171 1079 3240 Sunt
1092 3177 1201 3240 autem
1216 3171 1377 3262 plurimae

163 3276 413 3368 disputationes,
430 3299 457 3342 e.
472 3298 504 3361 g.
520 3275 560 3340 de
575 3276 724 3362 potentia
738 3277 800 3354 dei,
816 3277 856 3343 de
870 3279 1041 3355 creatione,
1058 3277 1098 3343 de
1112 3277 1206 3343 laude
1222 3279 1256 3341 et
1270 3274 1377 3362 gloria

36 3441 37 3448 ,
82 3429 84 3438 ,
160 3378 409 3456 deoreferenda,
428 3377 522 3443 simil.
566 3377 776 3444 Testimoniis
790 3380 896 3446 utitur
910 3383 945 3445 et
961 3378 995 3446 S.
1012 3379 1132 3468 Seript.
1148 3381 1183 3445 et
1204 3377 1239 3444 S.
1256 3376 1291 3444 S.
1308 3373 1377 3442 Ριέ

160 3484 264 3560 trum;
287 3482 373 3548 inter
392 3502 473 3566 quos
501 3475 683 3562 Clemens
709 3479 1008 3548 Alexandrinus
1034 3484 1095 3547 est.
1139 3481 1374 3570 Paedagogum

160 3585 246 3651 enim
260 3584 356 3651 huius
371 3582 504 3650 adhibet
518 3584 553 3648 et
568 3581 744 3650 stromate.

223 3689 254 3770 7)
278 3683 360 3752 Cod.
378 3681 579 3763 coxclv,
594 3686 867 3763 membranaceus,
883 3685 955 3751 XII
969 3685 1098 3752 circiter
1120 3685 1227 3754 seculi.
1271 3679 1373 3752 Com·

159 3789 273 3878 plectit
274 3813 312 3856 ur
331 3789 473 3883 Eulogas
495 3809 553 3858 seu
578 3787 743 3877 Excerpta
770 3789 972 3876 scripturae,
998 3788 1063 3854 Pet
1048 3791 1151 3866 t,rum
1174 3785 1348 3854 aliorum
1338 3811 1374 3853 m

160 3891 251 3958 varia
265 3892 374 3980 capita
395 3895 430 3958 et
449 3895 620 3978 argument
621 3913 641 3956 a
605 3891 774 3957 tordine
791 3891 994 3980 alphabetico
1012 3889 1152 3976 digest.
1196 3888 1235 3956 In
1255 3885 1376 3975 quibus

161 3994 260 4060 etiam
282 3995 507 4082 excerptae
524 3990 737 4060 Clemente
740 3995 800 4059 Al.

225 4095 292 4180 Qui
306 4118 383 4183 ergo
398 4095 477 4162 haec
497 4099 629 4184 excerpt
630 4121 664 4176 a,
687 4118 769 4182 quae
789 4095 875 4162 haud
896 4095 992 4162 dubie
1011 4115 1162 4183 magnam
1184 4096 1312 4182 partem
1333 4103 1375 4164 ιιι

91 4235 96 4246 ·
120 4275 124 4283 ι
159 4199 410 4277 vetustioribus,
433 4221 529 4286 quam
550 4199 605 4284 qui
626 4199 730 4264 adhuc
755 4199 903 4276 exstant,
934 4195 1113 4264 Clementis
1134 4195 1189 4260 Al.
1210 4195 1375 4267 codicibus

158 4303 342 4380 manarunt,
359 4321 483 4386 summo
498 4305 586 4389 certe
600 4301 710 4367 labore
726 4304 888 4390 suscepto,
909 4296 1093 4377 contulerit,
1112 4293 1242 4366 hicnon
1257 4297 1375 4366 dubito

160 4405 240 4492 quin
252 4403 372 4472 multos
394 4404 501 4484 locos,
515 4403 608 4490 'quos
628 4403 782 4470 habemus
807 4404 1012 4492 desperatos.
1034 4401 1128 4468 facile
1147 4401 1181 4466 in
1199 4399 1373 4488 pristinam

160 4507 383 4594 iutegritatem
398 4509 565 4576 restituat.
608 4505 813 4592 Quamquam
829 4506 985 4572 eiusmodi
1004 4503 1161 4581 laborem,
1183 4503 1372 4592 opportuni·

91 4639 93 4648 ’
160 4611 230 4678 tate
245 4609 332 4691 data,
348 4610 477 4692 felicius
489 4608 621 4698 suscipi,
638 4627 734 4695 quam
749 4609 790 4674 de
808 4607 981 4692 industrie,
1002 4629 1067 4674 non
1085 4603 1217 4672 infitier.
1261 4603 1373 4687 Quare
