2884 5058
560 310 788 433 Α...

65 499 144 592 qhao
157 500 381 591 placuerunt,
390 499 529 590 elegisse
543 500 803 580 arbitrabantur,
819 499 938 590 partim
947 499 1118 590 qnodillis
1137 523 1176 568 eo
1189 503 1295 592 potis·

64 605 178 670 simum
193 601 368 694 placuisse
388 602 642 681 contendebant,
665 625 747 692 quac
767 603 992 692 Neoplatonici
1010 603 1294 694 probaverant“¹).

64 707 125 774 Sed
140 707 190 772 rei
201 707 314 795 caput
327 705 437 792 potins
452 705 656 792 aggrediens,
671 706 694 770 i.
705 728 733 771 e.
748 705 917 784 rationem,
930 717 1027 794 quam
1038 706 1197 772 essentias
1207 707 1295 776 inter

62 811 93 875 et
111 809 180 874 vim
205 807 355 874 hominis
381 810 629 894 cognoscentem
648 831 748 898 quum
767 807 990 896 Neoplatonici
1011 808 1201 887 statuerint,
1221 812 1294 878 tum

63 909 216 978 Clemens
230 909 492 989 Alexandrinus,
504 909 772 1000 Neoplatonismi,
785 931 879 998 quem
890 913 1020 989 vocant,
1031 911 1180 989 indolem,
1196 935 1293 1002 quam

61 1013 192 1102 ponitip
204 1013 463 1100 „mystioismo“
474 1012 625 1102 quodam,
635 1015 670 1078 et
678 1014 1293 1081 nascentemetnataenaturamdescri-

61 1115 107 1182 bit
119 1116 173 1182 his
190 1115 320 1182 verbis.
364 1115 567 1202 „Postquam
585 1112 713 1195 Graeca
726 1113 943 1203 philosophia,
973 1115 1119 1182 ethnicae
1143 1116 1292 1204 religioni

60 1239 229 1307 nunquam
245 1239 316 1284 non
335 1239 490 1306 perquam
504 1217 649 1296 inimica,
678 1217 778 1283 ctiam
798 1217 832 1281 in
854 1217 972 1302 vulgus
987 1217 1082 1296 exiit,
1111 1239 1292 1286 aemorum

60 1319 261 1407 corruptela,
286 1319 342 1386 ubi
364 1319 502 1407 primum
524 1319 647 1386 Romae
670 1322 778 1390 sedem
797 1315 885 1397 fixit,
908 1319 949 1384 ad
969 1319 1150 1406 provincias
1170 1322 1292 1412 sensim

59 1421 204 1498 transiit,
222 1421 349 1501 evenit,
365 1425 404 1488 ut
417 1421 624 1509 potissimum
638 1422 713 1488 inde
728 1445 748 1488 a
763 1422 872 1488 seculo
889 1423 919 1488 1.
935 1445 966 1509 p.
984 1416 1059 1488 Chr.
1074 1422 1182 1508 patria
1197 1445 1290 1490 sacra

60 1523 188 1590 tantum
204 1520 279 1590 non
293 1523 442 1589 omnibus
458 1523 540 1590 risun
553 1527 591 1589 et
603 1525 815 1592 contemtioni
831 1527 943 1596 essent
961 1545 1000 1588 ao
1014 1523 1158 1612 plerique
1176 1546 1290 1590 omnes

60 1645 119 1690 una
134 1647 214 1691 cum
230 1625 366 1707 fiducia,
383 1626 416 1690 in
431 1627 596 1694 veteribus
611 1625 686 1692 Diis
701 1627 786 1694 male
801 1627 917 1704 locata,
939 1626 1048 1692 divina
1062 1625 1169 1692 omnia
1189 1627 1290 1694 missa

61 1726 218 1794 facerent.
253 1729 331 1810 Quo
346 1729 475 1818 quidem
485 1729 557 1817 ipso
568 1750 623 1795 eos
634 1729 676 1795 ad
685 1729 720 1794 id
733 1729 927 1816 mysticismi
936 1750 1039 1814 genus
1051 1727 1206 1794 de'dnctos
1217 1742 1298 1796 esse*

7 1861 9 1922 q
61 1833 182 1898 certum
199 1835 299 1921 puto,
312 1831 363 1897 cui
376 1831 784 1898 scriusnomendederunt.
804 1832 869 1897 Est
882 1833 967 1897 enim
977 1829 1288 1919 mysticismi(theo-
1337 1868 1344 1872 -

7 1926 8 1938 ’
60 1933 160 2016 retici,
173 1935 297 2000 cuius
313 1933 463 1999 alumni
475 1933 703 1999 immediata
718 1935 793 1999 Dei
805 1934 1033 2019 cognitione
1045 1933 1288 2020 gloriantur)

61 2033 178 2122 duplex
193 2031 312 2113 ratio,
327 2051 463 2126 quarqm
483 2037 586 2103 altera
604 2039 734 2126 practer
753 2034 971 2101 immediatam
991 2035 1056 2102 Dei
1070 2035 1287 2122 cognitionem

61 2136 154 2202 etiam
169 2137 275 2204 aliam
291 2137 420 2230 aliunde
439 2142 566 2226 partam
582 2137 742 2215 admittit,
767 2137 823 2202 sed
838 2137 945 2204 minus
960 2141 1091 2215 certam,
1108 2138 1287 2204 sedminus

61 2240 287 2327 perspicuam
312 2231 414 2306 alterat
428 2239 488 2306 hac
510 2240 579 2306 sola
597 2240 784 2305 immediata
803 2240 986 2326 cognitione
1006 2239 1114 2306 Deum
1134 2239 1287 2326 cognosci

61 2359 153 2426 posse
178 2341 370 2419 contendit,
400 2363 504 2432 neque
524 2343 619 2410 aliam
639 2344 806 2430 practerea
826 2341 924 2408 ullam
951 2341 1077 2430 prohat.
1120 2342 1191 2408 Iam
1209 2363 1285 2408 vero
1334 2334 1337 2344 ’

63 2447 210 2531 apparet,
227 2443 280 2509 nti
298 2445 420 2532 opinor,
436 2443 470 2509 id
485 2445 680 2532 mysticismi
694 2465 808 2530 genus,
830 2445 916 2534 quod
929 2445 962 2510 in
978 2443 1091 2509 ultimo
1102 2443 1284 2511 loco'oollo-

61 2545 137 2623 cavi,
153 2551 193 2620 et
208 2544 407 2610 atheismum
419 2547 529 2612 codem
545 2549 755 2615 fundamento
769 2546 841 2625 niti,
857 2548 943 2637 quod
957 2569 1082 2614 mecum
1097 2549 1283 2631 contendes,

62 2643 114 2710 nbi
129 2647 351 2725 intellexeris,
377 2649 460 2716 tales
475 2651 633 2736 mysticos
644 2653 678 2715 et
699 2652 812 2722 ἀθέους
833 2673 934 2741 aeque
950 2673 1088 2736 negare:
1124 2650 1285 2718 hominem
1347 2739 1350 2746 .

62 2747 202 2826 (addunt
213 2749 364 2834 mystici:
378 2751 609 2834 suaiaonltate)
622 2753 796 2840 quidquam
808 2753 908 2818 divini
920 2775 1113 2840 cognoscere
1119 2759 1284 2840 possc“²)s

63 2847 113 2913 Ad
124 2851 271 2939 priorem
281 2851 384 2938 igitur
394 2852 633 2938 „mysticismi“
644 2855 801 2920 rationem
814 2856 963 2922 accedere
978 2855 1059 2920 dicit
1072 2855 1187 2919 deinde
1198 2843 1283 2920 Neo-

63 2949 263 3036 platonicos:
292 2975 412 3044 ‚,qucs,
433 2954 557 3044 inquit,
578 2977 616 3021 eo
636 2957 764 3022 nomine
779 2957 820 3023 ab
835 2958 984 3024 omnibus
998 2955 1207 3045 philosophis,
1228 2956 1283 3045 qui

64 3059 322 3136 praecesserunt,
334 3057 508 3122 distinctos
519 3077 722 3137 senecensem
736 3059 822 3148 quod
834 3082 897 3125 non
910 3062 1038 3125 tantum
1045 3058 1282 3147 mysticismnm

64 3153 100 3218 ad
114 3156 355 3247 philosophiam
371 3158 582 3236 adducerent,
603 3164 827 3227 verumetiam
847 3162 1069 3233 demonstrare
1088 3183 1127 3227 aa
1145 3159 1281 3247 probare

65 3256 246 3338 studerent,
267 3280 343 3348 quo
364 3259 449 3325 iure
469 3259 504 3324 in
528 3259 730 3351 philosophia
755 3286 814 3330 sua
839 3285 876 3330 eo
902 3265 1081 3329 uterentur.
1124 3263 1199 3330 Hoc
1218 3265 1281 3340 est,

64 3361 145 3444 quod
160 3363 258 3430 dico:
277 3361 465 3450 Philosophi
480 3363 604 3450 priores
612 3366 663 3430 vel
677 3365 908 3454 imprudentes,
924 3365 975 3431 vel
986 3365 1033 3431 ita
1048 3367 1144 3443 certe,
1160 3367 1200 3431 ut
1213 3365 1281 3430 eius
1306 3406 1308 3410 -
1381 3369 1386 3380 ’

65 3461 107 3526 rei
122 3465 285 3532 rationem
300 3487 365 3530 non
380 3465 561 3542 redderent,
581 3465 721 3553 mystica
735 3466 938 3556 philosophia
952 3468 1003 3534 usi
1023 3471 1101 3534 sunt
1106 3492 1115 3545 3
1138 3467 1278 3556 Neopla-

65 3561 161 3632 tonici
176 3566 274 3656 primi
288 3588 353 3632 non
367 3568 497 3632 tantum
517 3572 734 3655 agnovemnt‚
756 3591 807 3652 se,
827 3569 883 3636 ubi
898 3571 1179 3662 philosophantur,
1208 3569 1278 3668 hu·

64 3685 212 3736 menam
245 3669 515 3754 cognoscendi
542 3669 777 3738 facultatem
801 3694 1004 3762 superare,
1039 3695 1150 3739 verum
1180 3671 1279 3738 etiam

67 3786 103 3833 ex
116 3769 260 3839 humana
273 3793 312 3837 ac
326 3771 437 3838 divina
455 3775 574 3840 natura
587 3775 808 3840 demonstrare
827 3776 1013 3842 voluerunt:
1039 3767 1199 3842 hominem
1213 3795 1279 3840 non

68 3869 133 3939 sine
147 3873 265 3942 idonea
278 3895 458 3940 causacum
472 3875 722 3966 relinquerem).
757 3878 804 3944 ut
812 3878 908 3944 huius
920 3879 1048 3968 quidem
1059 3877 1278 3966 philosophiae

66 3967 314 4064 Neoplatonioae
338 3978 501 4042 auctorem
525 3979 619 4046 nohis
645 4003 683 4046 ac
708 3981 883 4070 principem
906 4000 977 4046 esse
996 3978 1160 4043 Plotinum
1186 3979 1277 4056 dicit,
1307 3993 1309 3999 ’

69 4077 254 4167 scriptorem
270 4077 410 4169 quidem,
437 4079 493 4169 qui
508 4081 662 4171 scriptam
684 4105 755 4150 eam
768 4083 803 4149 in
817 4080 1026 4149 Enneadihus
1045 4080 1168 4169 primus
1182 4081 1276 4148 nobis

70 4177 259 4272 reliquerin-
284 4181 338 4249 De
367 4181 484 4272 quibus
510 4183 659 4254 omnibus
683 4208 741 4254 our
763 4207 828 4254 non
853 4183 1029 4278 assentiar,
1056 4181 1137 4249 nihil
1157 4182 1275 4262 habe03

70 4347 266 4370 ’.α-...-

121 4431 576 4509 hammonicam-XII.
604 4496 606 4504 ,

121 4517 337 4592 ¹)u1.p.4-c.
380 4579 384 4592 .
492 4523 495 4530 '

123 4602 286 4680 iluna
