2820 5052
609 369 672 434 211

61 549 173 634 vemens
191 549 413 638 profecerit
427 551 525 620 ad
489 574 617 625 vrrum
631 523 870 642 perfectum,
892 553 936 622 ad
937 553 1142 672 cognitionis
1159 554 1255 622 simul

59 655 85 718 et
96 653 296 721 haereditatis
311 653 543 721 excellentiam.
587 651 680 738 Quae
701 657 860 726 salutares
876 657 1100 724 conversiones
1121 679 1181 744 pro
1200 679 1253 724 or·

36 753 116 832 ,dine
128 755 315 825 mutationis
335 755 525 824 dividuntur
543 760 578 826 et
598 759 798 848 temporibus
821 762 856 825 et
873 757 952 826 lonis
973 763 1007 824 et
992 759 1199 826 thonoribus
1220 763 1256 826 et

58 857 275 942 cognitionibus
290 861 324 926 et
337 859 593 929 haereditatibus
609 865 644 928 et
654 860 841 928 ministeriis
853 884 957 947 usque
968 861 1010 926 ad
1020 861 1252 942 transcenden-

58 962 107 1024 tem
122 947 368 1048 continuamque
383 961 518 1029 Domini
531 963 566 1045 in
580 963 773 1030 aeternitate
788 963 1137 1052 contemplationeml).

104 1060 170 1129 Iam
180 1085 258 1132 vero
270 1087 370 1154 quum
381 1063 543 1132 Dominus
557 1088 667 1134 omnes
679 1065 825 1134 homines
836 1069 954 1132 natura
965 1067 1119 1135 amabiles
1130 1067 1253 1144 lecerit,
1315 1107 1319 1114 -

59 1165 126 1228 anat
140 1165 239 1232 etiam
255 1189 374 1234 omnes.
404 1165 615 1258 Quapropter
626 1167 756 1236 minime
771 1189 837 1246 eos,
853 1167 908 1257 qui
924 1171 1000 1236 ante
1014 1169 1138 1255 Legem
1152 1169 1252 1247 fuere,

57 1264 107 1332 sine
120 1266 190 1354 lege
205 1289 280 1336 esse
295 1269 413 1348 voluit,
443 1295 548 1361 neque
568 1295 639 1350 eos,
669 1271 725 1360 qui
740 1269 910 1336 barbaram
933 1268 1168 1358 philosophiam
1188 1295 1252 1336 non

56 1367 223 1449 audiebant,
245 1371 418 1440 effrenatos
433 1371 510 1440 ferri
525 1372 688 1462 permisit3
712 1373 784 1438 aliis
799 1372 923 1460 Legem
942 1371 1081 1458 largitus
1097 1378 1158 1452 est,
1180 1373 1252 1440 aliia

53 1463 290 1560 philosophiam.
321 1473 433 1542 Post
423 1475 528 1563 ipsius
549 1477 660 1544 autem
676 1475 861 1551 adventum,
882 1471 938 1560 qui
951 1495 1015 1538 non
1030 1473 1143 1551 credit,
1118 1473 1253 1540 t'nnllo

52 1571 128 1638 nodo
141 1578 255 1663 potest
269 1578 426 1648 excusari.
472 1575 538 1660 Qui
553 1581 611 1644 aut
613 1601 663 1643 em
679 1599 720 1643 ex
732 1574 867 1642 Graecis
884 1575 999 1640 salutis
1017 1597 1175 1641 summam
1189 1576 1253 1642 fide
1284 1617 1286 1625 =

51 1670 100 1738 iam
113 1674 282 1764 elegerit,
272 1699 302 1743 rs
318 1679 486 1767 superabit
496 1682 620 1746 ceteros
636 1701 746 1746 omnes
757 1658 977 1768 philosophos,
995 1676 1141 1765 quamvis
1156 1681 1253 1746 antea

52 1775 135 1844 multo
148 1779 257 1866 magis
273 1781 419 1854 subtiles.
443 1781 509 1849 Sed
524 1785 576 1850 est
589 1781 656 1848 hoc
665 1781 793 1847 omnino
807 1779 901 1846 liberi
916 1779 1052 1847 arbitrii.
1081 1774 1165 1848 Nam
1180 1779 1250 1846 Do·

52 1876 140 1946 minus
154 1881 247 1948 nulla
262 1883 388 1950 ratione
401 1885 479 1952 mali
494 1909 603 1965 causa,
619 1884 723 1952 omnis
738 1887 797 1972 pot
798 1882 848 1948 ius
865 1881 961 1948 salut
953 1869 992 1946 ιι.

101 1977 253 2076 Ceterum
268 1984 340 2050 illas
356 1987 428 2054 dies
440 1987 563 2054 animas
580 1990 679 2076 gnost
664 1987 758 2064 t‚icas
774 2007 856 2076 quae
871 1983 1029 2050 excellent
1029 1983 1129 2050 icont
1130 1983 1251 2072 empla-

50 2078 130 2148 tionis
141 2086 367 2173 magnitudine
378 2091 534 2177 cuiusque
526 2089 667 2158 ordinis
680 2089 786 2156 saneti
796 2089 883 2154 vitae
889 2086 968 2154 rust
970 2089 1023 2152 tut
985 2109 1078 2152 um
1086 2077 1252 2176 superant

14 2261 15 2266 ι
50 2183 148 2264 quibus
163 2187 242 2254 beat
227 2191 281 2254 tae
302 2189 434 2258 deorum
451 2192 544 2258 habit
529 2193 669 2258 tationes
684 2191 879 2257 distributae
900 2192 995 2266 sunt,
1016 2211 1098 2274 quae
1120 2193 1252 2255 sanotae

49 2280 74 2348 in
87 2291 202 2356 sanctis
217 2299 391 2360 numerant
395 2317 443 2372 ur,
463 2295 605 2360 translat
590 2299 644 2362 tae
658 2260 805 2382 integrae
827 2315 867 2361 ex
887 2292 1042 2380 integris,
1071 2289 1105 2356 in
1120 2291 1252 2356 meliora

49 2385 198 2458 meliorum
214 2392 359 2462 locorum
373 2397 444 2462 loca
458 2397 643 2474 venientes,
672 2419 738 2462 non
756 2396 790 2462 in
812 2395 952 2512 speculis
973 2395 1025 2462 vel
1043 2416 1100 2484 per
1121 2394 1251 2484 specula

50 2484 173 2562 divinem
200 2495 434 2584 amplectentes
461 2500 781 2588 contemplationem,
816 2497 873 2564 sed
899 2497 1078 2564 animarum
1112 2496 1252 2562 maxime
1319 2522 1322 2532 ¹

49 2589 214 2664 evidentem
234 2597 442 2690 planeque
416 2625 572 2670 sinceram
603 2601 831 2692 inexplebilem
849 2601 1027 2666 amantium
1047 2599 1202 2666 visionem
1217 2599 1251 2664 in

51 2695 267 2782 sempiternum
297 2704 568 2822 sempiternam
551 2705 697 2772 convivio
723 2706 838 2792 except
840 2725 878 2768 ae
897 2702 1082 2792 inexplebili
1106 2702 1251 2768 fruentes

47 2787 133 2862 laetit'
110 2800 155 2866 tra
173 2800 209 2868 in
232 2803 387 2872 secula
361 2829 430 2874 sme
449 2788 582 2874 finibus:
619 2805 679 2872 has
699 2806 770 2870 dieo
791 2806 915 2871 animas
939 2828 1125 2894 permanere
1147 2807 1251 2870 omnis

47 2898 240 2970 excellentiae
255 2907 426 2994 ταυτότητι.
464 2908 529 2976 Sed
548 2907 631 2972 hano
646 2930 705 2974 con
707 2907 993 2996 templationem
966 2931 996 2973 er
1011 2908 1162 2974 tantum
1154 2910 1204 2972 mt
1189 2907 1251 2972 tel·
1345 2908 1349 2935 ‘

47 2992 147 3083 ligant,
159 3029 226 3102 qur
206 3006 372 3076 mundo
389 3011 484 3100 sunt
498 3009 624 3078 corde
668 3005 787 3075 Gnost
763 3013 847 3075 trous
864 3031 939 3076 vero
955 3032 1027 3075 cum
1042 3010 1102 3075 deo
1118 3033 1251 3076 consue·

32 3099 59 3162 'l
46 3099 175 3176 tudinem
195 3095 286 3176 illam
301 3110 401 3180 habet
421 3133 490 3201 per
509 3131 692 3198 magnum
707 3111 981 3199 pontificem,
972 3133 1042 3200 rpse
1054 3134 1112 3200 pro
1127 3111 1250 3178 viribus

47 3199 87 3267 (lei
99 3208 213 3278 similis
234 3211 301 3278 laet
286 3216 341 3280 tus
362 3215 448 3280 omni
468 3215 502 3278 in
521 3213 628 3278 deum
636 3213 775 3302 pietate,
806 3219 888 3304 qhas
908 3212 1006 3280 etiam
1026 3215 1068 3278 ad
1086 3213 1250 3282 hominum

47 3305 169 3376 salutem
186 3335 260 3380 sese
274 3316 434 3385 extendit
463 3300 510 3380 Ει
495 3313 662 3404 ιιιιιιιιιιιιι
678 3315 808 3406 quidem
823 3318 922 3404 guest
923 3315 992 3380 icus
1008 3316 1150 3406 seipsum
1162 3319 1252 3384 creat

46 3408 286 3496 tilabricatun
310 3421 380 3485 tum
401 3441 477 3485 vero
499 3417 566 3483 deo
580 3415 693 3482 similis
714 3417 781 3484 fact
766 3421 821 3484 tus
842 3441 897 3486 eos
918 3417 1033 3496 etiam,
1063 3419 1118 3504 qui
1144 3419 1250 3508 ipsum

47 3511 178 3600 cudunt,
195 3523 340 3588 exornat
383 3521 542 3587 Mansuet
543 3519 607 3584 udo
622 3522 742 3598 autem,
763 3519 911 3608 benignit
912 3542 959 3598 us,
975 3519 1092 3586 eximia
1106 3521 1140 3586 in
1155 3521 1251 3588 deum

46 3610 102 3694 piet
103 3639 153 3700 ιι,
181 3622 314 3710 regulae
334 3623 502 3710 gnosticae
523 3621 742 3690 similitudinis
765 3646 838 3689 oum
863 3623 922 3688 deo
940 3621 1151 3712 acquirendae
1172 3621 1261 3705 mihi*

46 3667 192 3791 ndenthr.
237 3724 382 3792 Primum
408 3727 494 3792 enim
513 3725 676 3814 deponant
678 3747 716 3790 ur
738 3727 867 3814 oportet
893 3747 965 3790 oum
986 3725 1120 3812 peccato
1140 3747 1265 3798 omnes,

47 3819 130 3888 animi
144 3829 217 3914 pert
202 3826 323 3892 tt'urba
299 3831 414 3894 tronea.
459 3826 590 3895 Veteris
612 3825 697 3892 enim
712 3825 943 3894 Testamenti
933 3849 998 3891 ram
1013 3847 1077 3890 non
1100 3830 1177 3892 sunt
1198 3849 1252 3892 se·

47 3919 167 4006 crificia
190 3932 339 3996 nostrum
350 3929 544 4012 sacrificium
562 3932 615 3994 est
632 3925 801 4008 Christus3
823 3952 883 3996 nos
905 3950 980 3994 vero
996 3927 1055 3994 deo
1070 3927 1189 3993 nullius
1205 3929 1252 3994 rei

47 4017 193 4114 indigenti
215 4031 315 4098 etiam
335 4030 552 4120 nosmetipsos
574 4031 832 4110 sacrificamus,
822 4056 846 4100 r
862 4053 889 4098 e.
904 4034 959 4096 vet
960 4029 1023 4094 eris
1042 4027 1180 4095 hominis
1195 4053 1252 4096 cu-

46 4121 188 4206 piditates
204 4134 244 4200 de
258 4133 399 4199 mediat
384 4133 539 4200 tollimus.
582 4133 666 4204 Nam
684 4135 754 4218 sola
768 4135 848 4200 deus
863 4131 1004 4198 delectat
954 4135 1044 4198 ttur
1063 4133 1177 4198 nostra
1199 4155 1252 4198 se-

47 4217 114 4296 luit
155 4236 210 4302 Ad
224 4236 318 4304 deum
334 4241 481 4302 nostrum
493 4236 584 4302 nulla
596 4235 824 4303 sacrificiorum
839 4235 1001 4302 exhalatio
1016 4234 1178 4312 ascendit3
1194 4257 1253 4300 nec

49 4331 199 4404 raenficiis
214 4360 274 4406 nec
289 4339 431 4407 donariis
445 4361 506 4406 neo
520 4339 623 4426 gloria
642 4338 826 4425 honoreque
842 4337 921 4402 deus
938 4339 1060 4402 noster
1072 4337 1371 4415 invocatur„

48 4443 140 4520 neque
153 4439 293 4510 allicitur
306 4441 491 4510 huiusmodi
505 4440 589 4522 aliis,
606 4440 663 4511 sed
678 4437 756 4508 solis
776 4442 912 4530 apparet
931 4438 1009 4542 viris
1030 4439 1156 4508 honest
1132 4444 1176 4508 trs
1192 4439 1252 4510 ho-

97 4654 119 4728 1)
135 4663 316 4728 nom-ml.
998 4733 1073 4807 w,
1174 4702 1177 4712 ·
