2830 5054
752 323 795 387 94

141 526 144 536 '
165 512 231 584 Sed
248 512 368 600 singuli
383 512 458 580 libri
471 497 672 577 haud‘eliter
684 510 761 576 nexi
776 513 854 578 suut
871 497 959 576 inter
977 528 1014 578 se
1032 509 1067 578 et
1085 506 1172 596 apti,
1191 521 1292 594 quem
1315 503 1381 572 sin·

163 617 244 705 gula
257 617 416 706 cuiusque
436 614 510 681 libri
530 611 650 702 capita,
675 635 741 678 non
766 634 805 679 ea
829 612 939 701 capita
962 611 1050 690 dico,
1075 631 1159 700 quae
1183 629 1272 679 nunc
1299 603 1382 673 torte

162 721 336 787 occurrunt
350 718 460 806 signis
480 719 669 803 segregata,
690 715 748 782 sed
767 735 820 782 res
834 711 1008 802 capitales,
1027 714 1050 782 i.
1063 735 1093 784 e.
1108 713 1276 801 dogmata,
1297 731 1382 800 qnae

161 823 340 888 latenter
360 821 556 886 tractantur.

228 923 325 1006 Quod
340 925 449 988 autem
470 919 512 987 ad
531 917 720 1007 disputandi
740 917 826 985 viam
846 917 977 994 attinet,
996 917 1077 984 haec
1096 914 1280 987 verba'ncn
1304 917 1383 982 sunt

163 1025 360 1094 omittenda:
384 1023 493 1102 „Sunt
508 1021 676 1112 quaedam,
693 1040 775 1109 quae
789 1019 984 1106 aenigmatis
1005 1018 1140 1108 scriptio
1153 1015 1232 1087 mihi
1252 1015 1382 1085 indica

162 1129 228 1207 bit3
252 1130 291 1200 st¹
300 1128 334 1193 in
349 1127 428 1192 haec
443 1125 572 1215 quidem
587 1123 735 1200 insistet3
758 1119 822 1188 alia
842 1122 947 1190 solnm
970 1121 1149 1212 eloquetur.
1193 1115 1382 1186 Cenabitur

85 1291 94 1303 ,
163 1233 272 1296 autem
287 1232 322 1296 et
337 1229 445 1296 celans
460 1229 567 1294 dicere
581 1231 616 1293 et
630 1225 796 1292 occultans
811 1226 936 1314 aperire
949 1226 986 1292 et
998 1226 1111 1292 tacens
1130 1220 1333 1292 ostendere“
1348 1227 1381 1302 ¹).

163 1329 248 1398 Cum
270 1331 389 1422 quibus
415 1328 579 1398 consentit
602 1327 697 1406 illud,
723 1328 809 1416 qnod
833 1347 935 1415 supra
952 1327 1018 1392 iam
1041 1325 1155 1412 tetigi:
1175 1319 1382 1404 „traduntur

138 1465 141 1472 Δ
160 1433 298 1521 mystice
309 1435 475 1520 mysteria,
490 1431 586 1513 utic,
600 1431 686 1520 quod
699 1429 829 1507 dicitur,
842 1429 887 1496 sit
897 1429 996 1496 etiem
1007 1429 1042 1496 in
1054 1426 1265 1506 oredicentis,
1281 1426 1381 1515 quin-

160 1536 227 1601 imo
258 1555 324 1600 non
348 1535 383 1602 in
405 1557 500 1614 voce,
527 1533 643 1600 sedin
672 1531 899 1619 intelligentia.
956 1531 1081 1600 Dedit
1107 1531 1236 1599 autem
1266 1527 1380 1594 Deus

160 1637 314 1704 ecclesiae
335 1635 437 1702 alios
457 1635 613 1725 quidem
635 1634 872 1723 Apostolos,
895 1634 999 1702 alios
1020 1653 1111 1702 vero
1135 1629 1380 1718 Prophetas,

116 1771 140 1784 ¹·
160 1740 261 1806 alios
283 1759 375 1806 vero
397 1737 701 1824 Evangelistas,
729 1737 832 1804 alios
860 1758 952 1804 vero
978 1736 1172 1804 Pastcree
1194 1734 1235 1800 et
1262 1731 1380 1800 Doc-

158 1845 283 1919 tores,
311 1840 358 1904 ad
377 1839 673 1928 perlectionem·
694 1842 936 1918 sanctorum,
960 1836 1380 1926 adopusministerii,

159 1943 206 2009 ad
228 1941 549 2009 aedificationem
570 1942 752 2031 corporis
776 1940 1012 2025 Christi“²).
1038 1938 1380 2030 Jamquideetillud

159 2045 293 2113 celans
325 2043 471 2127 dicere,
513 2045 720 2113 occultans
756 2046 934 2134 aperire,
962 2048 1101 2112 tacens
1139 2041 1379 2119 ostendere,

158 2147 330 2235 mystice
352 2147 530 2212 tradere?
553 2149 628 2215 Hoc
641 2149 817 2226 intellecto,
833 2170 930 2238 quam
943 2146 1083 2214 maxime
1097 2144 1228 2235 propria
1242 2145 1379 2234 quidem

156 2271 197 2317 ac
212 2248 342 2315 subtilis
357 2249 545 2336 disputandi
566 2250 802 2339 ratio'cognita
822 2273 895 2318 esse
914 2249 1052 2318 videtur.
1096 2247 1163 2331 Qui
1181 2247 1256 2336 ipsa
1276 2247 1380 2314 verba

136 2389 139 2397 ·
159 2343 496 2438 voluerit'religiosius
512 2353 613 2441 sequi,
630 2353 721 2419 velut
734 2353 815 2420 illud
836 2352 1045 2422 occultans
1067 2349 1242 2440 aperire,
1258 2349 1378 2416 =hicin

157 2475 229 2521 eam
243 2453 425 2541 opinionem
441 2453 533 2520 facile
546 2453 679 2535 incidet,
702 2458 741 2522 ut
761 2453 963 2522 Clementem
983 2452 1148 2522 vocabulis
1167 2449 1378 2521 initiatorum

157 2555 359 2646 quorundam
375 2555 468 2644 quasi
481 2556 620 2672 privatis
635 2558 684 2624 uti
699 2557 780 2624 velle
789 2557 949 2647 opinetur
992 2556 1062 2628 Sed
1074 2553 1261 2625 huiusmodi
1275 2575 1379 2622 voca·

158 2657 235 2724 bula
254 2654 387 2746 propria
405 2658 544 2724 maxime
563 2659 598 2724 et
616 2659 711 2748 quasi
729 2659 860 2748 privata
878 2658 988 2727 nescio
1007 2681 1050 2726 an
1069 2657 1175 2727 adhue
1195 2656 1377 2747 quisquam

155 2759 316 2826 invenerit
329 2758 384 2824 ιιι
394 2759 493 2825 etiam
507 2760 637 2827 omnino
656 2763 814 2850 possint
805 2762 952 2830 mveniri.
994 2761 1084 2828 In
1055 2781 1103 2830 ers
1123 2759 1218 2849 ipsis,
1237 2760 1274 2826 in
1289 2781 1414 2850 quae

155 2862 282 2930 insistit
296 2862 440 2940 oratic,
430 2885 452 2928 1.
473 2883 501 2928 ι.
522 2862 557 2930 in
576 2865 755 2951 mysteriis,
776 2862 942 2934 Clemens
949 2883 1145 2952 magnopere
1166 2862 1281 2930 studet
1303 2863 1414 2938 etti

154 2985 237 3043 cere,
251 2965 291 3030 ut
304 2966 339 3030 et
352 2963 521 3032 christiani
534 2969 571 3034 et
584 2965 738 3034 haeretici
752 2971 788 3036 et
800 2968 945 3036 ethnici
935 2989 1044 3057 speum
1057 2964 1255 3052 intelligant.
1294 2963 1414 3032 Uti

149 3069 209 3134 tur
222 3065 452 3155 philosophicis
468 3070 679 3156 argumentis,
696 3069 815 3138 Sacrae
830 3070 952 3159 Script.
967 3068 1086 3146 verbis,
1102 3065 1378 3158 similitudinibus
1413 3122 1414 3140 ,

154 3166 253 3237 ιιιίἰι
272 3169 501 3260 omnibusque,
528 3195 611 3260 qnae
629 3173 696 3240 ullo
724 3173 821 3240 modo
845 3173 887 3240 sd
907 3171 1168 3290 persuadendum
1191 3169 1380 3238 conducere

154 3275 305 3360 possunt.
350 3271 518 3341 Vocabula
531 3274 635 3362 igitur
648 3297 743 3362 qpas1
732 3275 919 3364 privata
900 3275 1105 3342 concedimus
1120 3273 1264 3343 minime.
1305 3273 1378 3338 Ne-

153 3395 216 3462 que
232 3369 384 3440 Clemens
399 3385 514 3464 reapse
527 3377 600 3443 vult
614 3377 790 3464 quidquam
804 3377 862 3444 ulli
881 3357 1004 3444 homini
1022 3374 1225 3454 occultare,
1215 3397 1281 3442 ιιιιο
1304 3375 1380 3442 uti-

153 3499 228 3544 nam
248 3497 321 3542 cum
345 3475 498 3544 omnibns
522 3479 631 3545 omnia
656 3480 780 3569 possim
804 3480 1054 3558 communicarel
1084 3499 1211 3568 semper
1238 3476 1413 3546 videtur

149 3580 317 3668 exoptare.
362 3577 452 3645 Sed
441 3601 515 3671 rpsa
530 3581 664 3668 scriptio
679 3581 823 3649 occultat
840 3582 979 3650 invite.
1019 3582 1182 3671 Mysmlia
1201 3579 1288 3648 enim
1312 3603 1374 3646 ea-

129 3684 224 3751 ‹dem
240 3679 469 3769 atqueeodem
479 3682 575 3748 modo
593 3682 717 3750 tradita
730 3684 803 3751 aliis
819 3687 897 3752 sunt
915 3688 1040 3774 operta,
1057 3685 1133 3774 aliis
1147 3685 1274 3776 aperta,
1292 3683 1377 3769 qui·
1412 3741 1413 3778 ,

129 3786 213 3854 -bus
231 3786 361 3875 quidem
375 3782 485 3850 divina
498 3785 606 3872 gratia
620 3809 658 3853 ea
673 3787 798 3876 aperire
817 3787 966 3868 voluerit.
1011 3787 1097 3856 Nam
1115 3785 1232 3856 dedit
1252 3785 1376 3854 Deus
1412 3791 1413 3794 ’

151 3887 306 3956 ecclesiae
321 3885 422 3953 alios
437 3888 594 3973 quidem
608 3889 832 3979 Apostolos
847 3895 910 3958 etc.
1064 3947 1067 3955 ,

215 3991 269 4058 Ex
288 3989 339 4056 his
359 3988 463 4076 igitur
482 3989 722 4080 disputandi
692 4015 745 4060 vra
763 3992 852 4060 hand
870 3991 952 4060 satis
970 3991 1084 4078 liquet.
1127 3945 1369 4065 Ειαιιίιιιιιιιι

150 4097 261 4161 autem
274 4115 323 4171 ea,
351 4117 434 4183 quae
454 4095 567 4162 ecdem
590 4095 660 4163 loco
685 4095 837 4184 deinceps
863 4097 1054 4185 sequuntur.
1096 4094 1217 4178 „Quae
1242 4091 1324 4168 ab
1313 4115 1371 4158 rn-

151 4196 299 4284 signibus
320 4189 507 4264 haeresibus
533 4199 663 4264 decreta
682 4202 775 4277 sunt,
800 4199 942 4267 adducet
966 4197 1122 4290 (scriptio
1141 4199 1254 4283 mea);
1275 4193 1412 4270 ditet
1411 4223 1412 4270 l

127 4303 139 4346 ·'
150 4297 430 4368 autemadversus
444 4321 493 4380 eo,
509 4322 719 4392 quaecunque
739 4303 816 4369 ante
834 4304 889 4388 τὴν
901 4303 1077 4386 „emortuis
1096 4299 1230 4388 ιιωριαι
1251 4295 1372 4386 cogni-

204 4538 229 4606 ¹)
245 4553 270 4604 p.
282 4537 343 4594 ιιι.
353 4555 373 4594 s.
384 4540 405 4592 t.

131 4663 137 4674 ·
205 4619 231 4691 ³)
247 4639 273 4690 p.
284 4621 432 4680 bid-dil.
