2972 5048
753 333 797 400 46

668 421 869 434 —-—

165 518 271 607 perati
296 537 455 596 errorem,
483 517 570 604 quod
595 539 790 608 quemquem
808 517 979 585 nunidem
999 521 1067 598 est,
1088 519 1188 609 atque
1205 519 1370 586 veritatem

164 621 348 710 perspicere
362 623 472 687 tamen
490 619 662 686 scintillam
683 621 845 711 quandam
864 620 1024 700 continet,
1051 621 1137 687 unde
1155 621 1212 688 lux
1230 620 1371 690 veritatit

164 727 217 791 est
231 724 365 794 oritura.
409 721 506 788 Duae
527 725 604 788 sunt
623 723 826 809 ignorantiae
845 723 939 810 qnasi
967 724 1207 791 extremitatem
1230 723 1291 789 dei
1309 743 1371 788 ne·

164 825 279 912 gatio
302 815 463 910 (ἀθὲότης,
488 825 654 912 ungranus)
684 828 720 891 et
745 826 992 914 superstitio
1018 827 1270 910 (δεισιδαιμονία,
1291 825 1372 892 litto

165 929 292 1014 pionte).
334 925 419 992 Erat
433 934 542 994 autem
562 927 697 1016 antiqua
716 927 1078 1018 quaedamhominibus
1098 927 1179 994 coeli
1201 927 1371 994 communi-

164 1031 261 1128 catio,
283 1028 469 1116 ignorantit
483 1028 613 1117 quidem
627 1029 769 1095 tenebris
790 1029 923 1108 obrute,
945 1031 1079 1118 repente
1099 1032 1210 1097 tamen
1228 1049 1372 1096 nonnun·
1416 1071 1419 1088 .

165 1154 262 1221 quam
277 1131 452 1226 eutenebris
468 1130 630 1208 exsiliens,
651 1153 830 1221 rursusque
842 1131 988 1218 fulgens3
1011 1131 1102 1198 cuius
1123 1133 1170 1198 rei
1185 1135 1288 1200 testes
1301 1130 1373 1224 suut

163 1235 290 1322 poetae.
311 1231 378 1298 Sed
388 1224 603 1318 cogitationes
618 1255 799 1320 perversae,
816 1233 856 1299 de
872 1233 925 1299 via
938 1223 1026 1300 recte
1037 1233 1229 1302 decedentes
1241 1251 1372 1321 uereque

36 1411 39 1416 ,
164 1336 380 1425 perniciosae,
409 1332 757 1422 hominem,.pluntam
777 1335 967 1415 coelestem,
997 1357 1097 1426 quum
1117 1335 1252 1404 coelesti
1270 1357 1291 1400 a
1308 1331 1372 1416 vitu

165 1436 390 1514 abduxissent,
411 1437 451 1502 ut
467 1435 509 1502 ud
524 1439 669 1504 terrenas
691 1459 744 1506 res
764 1438 1009 1506 adhaerescerct
1022 1437 1268 1538 persuadentes,
1290 1430 1371 1501 humi

152 1540 454 1628 prostraverunt).
545 1567 546 1572 ¹

228 1657 252 1726 J
254 1681 305 1722 um
320 1677 396 1722 vero
411 1655 592 1742 disputatio
604 1677 639 1728 se
653 1657 815 1726 convertit
829 1658 871 1724 ad
885 1658 1120 1748 explicandum,
1136 1653 1296 1748 quomodo
1310 1652 1371 1718 toc-

164 1763 235 1827 tum
251 1761 306 1838 sit,
327 1763 366 1824 ut
386 1763 505 1824 nutura
523 1758 632 1824 divino
653 1759 778 1824 colatur
797 1759 926 1830 honore.
968 1759 1127 1827 Homines
1142 1757 1298 1852 igiturin
1318 1753 1372 1818 hac

164 1883 272 1930 rernm
286 1860 499 1954 universitate
513 1859 681 1948 pulchrum
693 1864 836 1941 motum,
863 1864 1022 1941 ordinem,
1043 1863 1191 1952 inprimis
1213 1857 1371 1928 stellarum

165 1989 295 2036 cursum
310 1962 471 2039 admirati,
487 1985 585 2050 quum
600 1962 634 2027 in
649 1963 729 2030 coeli
741 1965 1010 2054 contemplatione
1026 1964 1103 2034 solis
1119 1963 1262 2055 corporis
1277 1953 1371 2026 oeulis

164 2068 372 2144 confiderent,
389 2063 499 2144 solem,
510 2065 631 2143 lunam,
648 2065 800 2158 stellasin
812 2067 888 2134 deos
900 2067 1090 2136 retulerunt.
1113 2067 1241 2154 Fruges
1252 2075 1371 2154 quoque

164 2173 298 2260 propter
311 2167 488 2235 utilitatem
508 2167 679 2233 divinitate
693 2167 864 2235 donarunt.
909 2169 1083 2236 Praeterea
1097 2169 1279 2244 fortunam,
1301 2179 1369 2228 cou-

166 2273 321 2340 scientiae
336 2271 496 2349 stimulos,
518 2269 638 2336 multas
652 2269 791 2337 hominis
806 2272 992 2340 affectiones
1008 2272 1216 2361 actionesque
1234 2257 1369 2336 venerari

165 2375 367 2464 inceperunt,
388 2372 474 2438 'unde
488 2375 560 2438 tote
574 2371 730 2440 Hesiodis
746 2371 934 2462 Theogonis
953 2376 1032 2440 nuta
1051 2395 1124 2440 esse
1138 2374 1277 2442 videtur.
1310 2363 1371 2432 De·
1415 2363 1418 2373 ¹

165 2477 272 2568 nique.
291 2477 358 2555 dei,
394 2497 489 2564 quem
508 2475 677 2562 ignorant,
705 2473 860 2542 beneficia
875 2470 1030 2566 tanquam
1050 2475 1127 2547 deos
1146 2477 1274 2552 colunt3
1302 2463 1371 2532 lude

165 2579 331 2658 Dioscuri,
348 2576 518 2656 Hercules,
538 2576 803 2666 Aesculapium).
848 2579 913 2648 Sed
933 2577 1090 2670 quidquid
1109 2577 1150 2645 de
1164 2579 1227 2644 diis
1247 2576 1287 2641 nt
1304 2587 1372 2658 per·

167 2681 257 2750 sonis
270 2681 433 2758 narratur,
449 2679 483 2745 id
497 2681 556 2746 aut
569 2683 785 2747 commentum
800 2683 862 2759 est,
878 2684 936 2748 aut
950 2681 993 2746 ed
1006 2680 1151 2748 homines
1165 2677 1308 2769 pertinet
1318 2669 1371 2734 fla·

165 2775 305 2873 gitio'sm
333 2784 368 2874 et
396 2779 596 2847 libidinosos.
640 2780 750 2864 Quare
775 2782 874 2848 ctiam
898 2785 966 2848 tres
993 2787 1071 2850 sunt
1089 2783 1209 2863 Joves,
1238 2777 1372 2870 quicque

165 2887 332 2964 Athenae,
355 2905 413 2950 sex
427 2883 589 2972 quondam
603 2883 812 2972 Appollines,
841 2885 1208 2963 nuncinnnmerabilesr
1237 2883 1373 2962 iamque

165 2989 261 3057 multi
275 2985 475 3074 Aesculapii,
492 2985 655 3065 Mercurii,
672 2985 822 3066 Vulcani,
838 3011 974 3078 qnorum
989 2988 1130 3055 omnium
1144 2985 1263 3076 patria,
1279 2979 1371 3046 artes,
1400 2982 1401 3000 ¹

165 3093 246 3174 vita,
270 3087 439 3178 sepulchra
458 3091 537 3154 notu
558 3091 678 3174 eunte).
722 3089 770 3156 Et
784 3089 824 3156 de
837 3091 945 3178 patria
959 3091 1088 3181 quidem
1103 3090 1254 3177 deinceps
1269 3077 1374 3168 agli&

166 3193 353 3283 primumt).
397 3189 494 3273 Quod
509 3193 618 3256 eutem
632 3191 675 3256 ad
695 3191 796 3258 vitam
811 3193 934 3260 attinet
952 3215 1052 3282 quum
1072 3191 1117 3257 dii
1136 3187 1208 3258 tum
1229 3188 1309 3255 deae
1326 3177 1372 3243 ln·

152 3293 400 3385 temperantiae
432 3292 639 3383 lrbrdmrsque
673 3297 856 3382 arguuntur
879 3293 1087 3362 incredibilis.
1143 3280 1261 3384 Neque·
1285 3279 1373 3349 <155⁸

165 3397 366 3484 ruodepucric
377 3394 506 3484 quidem
519 3395 733 3484 abstinere).
758 3396 825 3464 Sed
835 3397 912 3464 mali
923 3396 1099 3464 certamine
1119 3397 1279 3464 Venerem
1293 3383 1373 3452 inter

34 3579 35 3588 χ
166 3503 203 3570 et
214 3500 377 3568 Junmem
392 3498 496 3564 orntio
510 3496 553 3563 ud
567 3496 694 3564 Graeca
707 3495 878 3566 deducitur
891 3499 1078 3578 certamina,
1094 3521 1176 3590 quae
1189 3497 1284 3566 tenta
1294 3477 1373 3554 mul·

165 3599 557 3674 titndineoelebrabantur
567 3605 601 3666 et
611 3623 740 3690 pompa.
761 3599 1083 3687 Haecigituromnia
1095 3583 1371 3701 continuent-issi:

166 3707 236 3804 Nec
248 3727 327 3772 vero
339 3703 385 3770 dii
398 3703 457 3796 isti
470 3701 590 3770 mortni
605 3705 683 3768 sunt
704 3701 824 3784 solnm,
848 3703 905 3769 scd
924 3701 959 3770 in
979 3703 1050 3771 vito
1067 3703 1166 3774 etiam
1186 3701 1373 3770 mercenari²

165 3811 298 3879 fuerunt
311 3806 461 3896 omnique
476 3811 624 3896 exparte
638 3806 939 3894 repuerascere).
968 3806 1017 3898 lte
1031 3805 1134 3896 igitur
1146 3803 1264 3876 J0v0m
1277 3805 1371 3884 quae·

176 4171 179 4174 .
222 4117 246 4186 ¹)
263 4134 289 4182 p.
300 4116 336 4172 20
348 4148 357 4154 -
369 4115 412 4170 22.

219 4202 246 4272 ⁹)
264 4220 288 4268 p.
300 4202 343 4256 Ὦ.

220 4287 245 4358 ³)
263 4305 287 4354 p.
300 4284 414 4342 2344.

219 4373 245 4527 i
261 4369 412 4521 tut:

220 4544 246 4612 ⁸)
264 4559 290 4607 p.
302 4542 343 4596 29.

220 4631 247 4694 1)
263 4643 288 4692 P.
298 4625 414 4682 ilo-ilie
