2820 5052
694 253 696 266 Ι
732 309 795 374 178

151 497 262 564 autem
282 497 396 562 nostm
420 495 473 563 vel
493 495 550 562 illa
572 495 792 584 improborum
817 515 897 564 vox:
930 490 1136 560 Tollamns
1172 491 1327 558 iustum
1354 514 1371 556 a

151 597 285 676 uobis,
308 599 493 683 quoniam
515 597 710 668 molestus
733 599 795 666 est
815 595 948 673 nobis,
982 616 1004 660 a
1021 593 1159 670 Platone
1176 593 1214 661 in
1234 592 1371 660 secundo

152 701 193 766 de
208 701 290 789 Rep.
302 693 498 768 detoribitur
511 699 575 768 ita:
595 701 709 768 Iusto
723 698 802 778 illi,
823 697 888 786 qui
904 697 960 768 sio
974 697 1103 766 auimo
1118 698 1370 786 comparatus

149 803 250 881 erit,
288 804 456 872 verbera
483 803 755 893 imponentur,
796 799 1038 868 iniioientur
1064 799 1242 878 vincula,
1270 797 1371 866 oculi

149 907 353 972 eruentur.
396 905 506 974 Idem
527 910 746 996 postremo,
768 902 864 970 haec
882 902 1012 970 omni'a
1026 923 1266 992 perpessus,
1283 924 1371 990 age-

150 1010 217 1075 tur
237 1007 278 1073 in
300 1009 503 1093 crucam1).
520 1047 562 1057 -
1168 1039 1170 1044 ·

213 1125 284 1194 Iam
299 1147 375 1192 vero
396 1126 548 1214 deinceps
569 1123 709 1190 mirabili
723 1123 904 1191 eruditione
918 1125 953 1189 et
966 1091 1232 1212 philosophorum
1245 1125 1285 1190 et
1297 1145 1370 1211 poe-

144 1229 259 1294 tarum
272 1225 394 1316 placita
408 1227 448 1293 de
462 1228 534 1310 deo,
559 1228 601 1294 do
614 1227 746 1306 iudicio,
771 1228 811 1294 de
829 1226 941 1316 poenis
957 1248 996 1293 ac
1009 1224 1173 1314 praemiis,
1199 1229 1372 1292 namantm

150 1333 185 1396 et
199 1331 241 1398 ad
263 1353 371 1398 sacras
387 1329 575 1418 Scripturas
590 1331 709 1419 partim
729 1331 764 1398 in
783 1331 981 1408 universum,
1001 1327 1121 1417 partim
1142 1326 1273 1413 singula
1292 1327 1371 1394 rele-

49 1421 51 1433 ’
149 1436 281 1512 rantur,
304 1454 386 1520 quae
402 1435 513 1499 temen
537 1432 590 1498 hio
610 1455 771 1521 exponere
798 1453 1073 1523 supervacaneum
1098 1451 1171 1498 esse
1193 1429 1371 1519 videtur2).

148 1533 265 1622 Pergit
279 1539 399 1614 eutem,
416 1536 458 1601 ad
472 1534 546 1602 libri
560 1535 658 1602 finem
671 1536 843 1615 festinans,
859 1535 920 1604 hoc
933 1533 1097 1600 modov—

212 1651 306 1736 Quac
321 1677 420 1741 quum
434 1655 482 1720 ita
498 1652 574 1732 sint,
591 1653 742 1722 Parentis
762 1679 801 1724 ac
814 1677 922 1722 rerum
942 1650 1086 1719 omnium
1100 1649 1276 1717 Effectoris
1297 1673 1368 1718 sen·

149 1777 221 1822 sum
236 1755 375 1844 aliquem
388 1779 427 1823 ex
443 1755 592 1822 omnibus
608 1756 716 1822 omnia
736 1759 769 1825 vi
785 1759 924 1847 quadam
939 1754 1052 1822 nativa
1070 1755 1106 1819 et
1126 1753 1196 1820 siue
1216 1752 1285 1820 ulla
1305 1753 1369 1820 dis·

149 1857 269 1946 ciplina
283 1851 412 1925 haurire
427 1859 588 1925 videntur.
632 1849 679 1926 Et
692 1859 857 1927 hominum
874 1859 1003 1946 quidem
1018 1877 1122 1945 genus
1137 1847 1328 1924 universum
1339 1857 1368 1921 in

124 1991 127 2000 ·
147 1959 292 2028 Graecos
319 1961 475 2028 dividitur
499 1961 734 2049 barbarosque,
763 1985 899 2050 quorum
920 1983 938 2026 e
957 1983 1091 2028 numero
1115 1959 1205 2026 nulla
1235 1981 1367 2048 prorsus

146 2087 290 2150 unquam
305 2063 357 2132 vel
372 2057 585 2152 agricolarum
597 2065 648 2130 vel
656 2067 824 2153 pastorum
836 2064 888 2132 vel
899 2063 1096 2130 urbanorum
1105 2063 1197 2128 natio
1208 2066 1272 2141 est,
1288 2085 1367 2148 quae

137 2167 258 2254 hvitam,
275 2167 340 2233 nisi
355 2172 450 2239 antea
465 2167 605 2234 melioris
620 2171 757 2234 naturae
776 2167 872 2233 fidem
887 2165 1056 2254 receperit,
1077 2165 1194 2252 degere
1209 2166 1367 2254 possitae

144 2270 241 2336 tueri.
283 2269 403 2359 Itaque
418 2255 530 2336 ordnes
545 2269 670 2388 populi,
694 2269 762 2336 sive
776 2271 933 2336 orientem
949 2267 1071 2346 colunt,
1089 2267 1158 2333 sivo
1171 2267 1270 2334 litora
1284 2267 1365 2334 occi-

144 2371 252 2438 dentis
267 2375 382 2438 tenent
396 2372 607 2450 ultima,'s1ve
623 2373 665 2438 a'd
677 2371 939 2461 septentrionem,
956 2371 1024 2438 sive
1039 2371 1080 2438 ad
1095 2370 1261 2436 meridiem
1276 2370 1365 2470 habi·

142 2476 234 2540 tant:
253 2473 697 2560 unamatqueeandemeius,
713 2463 1363 2590 aquoconstitutumesthocimperium,

141 2575 342 2642 habentt
283 2599 325 2642 an
327 2575 566 2664 ticipationem,
596 2599 696 2664 quum
716 2577 882 2664 generales
903 2576 1071 2674 potentiae
1090 2552 1178 2642 illius
1194 2573 1363 2642 effectricis

142 2677 286 2746 actiones
306 2679 486 2768 pervadant
505 2681 628 2767 pariter
642 2701 700 2768 per
720 2679 837 2747 omnia.
881 2679 1052 2757 Attamen,
1076 2677 1225 2766 quamvis
1245 2675 1362 2744 curiosi

139 2779 188 2848 illi
203 2804 220 2848 e
236 2779 374 2848 Graecis
394 2781 592 2872 philosophi,
622 2781 833 2850 barbarorum
853 2781 983 2848 incitati
1009 2779 1230 2870 phrlosoph1a‚
1259 2778 1360 2866 magis

140 2907 237 2972 quam
252 2883 368 2972 reliqui
382 2907 493 2952 omnes
509 2887 549 2964 ei,
566 2885 621 2972 qui
636 2885 738 2968 oculis
753 2907 817 2952 non
833 2883 986 2964 cernitur,
1009 2885 1069 2950 soli
1084 2883 1189 2950 eidem
1210 2885 1359 2971 ae'prae-

139 2987 284 3077 potenti,
317 2988 558 3077 sapientissimo
578 2988 711 3069 artifici,
740 3010 928 3078 summoque
947 3009 1056 3054 rerum
1075 2985 1359 3076 pulcherrimarum

129 3090 264 3176 auctori
284 3089 521 3178 providentiam
541 3091 732 3170 tribuerint,
758 3115 823 3158 non
838 3093 994 3181 possunt,
1025 3113 1108 3177 quae
1133 3089 1201 3156 sint
1225 3086 1357 3156 existis

138 3191 380 3280 consequentia,
401 3191 584 3280 pervidere,
614 3193 679 3260 imo
690 3217 732 3260 ne
746 3195 905 3261 rationem
920 3192 1067 3279 quidem,
1097 3215 1194 3279 quam
1209 3190 1356 3257 addeum

138 3295 397 3382 cognoscendum
413 3296 560 3361 natura
550 3319 624 3384 rpsa
643 3297 849 3386 praescribit,
876 3317 1086 3382 cognoscere,
1114 3295 1179 3382 nisr
1169 3293 1356 3360 luerinta

136 3397 230 3464 nobis
246 3397 362 3464 edocti.
408 3397 474 3464 Sed
488 3397 635 3504 pluribus
651 3399 758 3466 verbis
774 3422 845 3466 eam
861 3396 1050 3464 describunt
1064 3377 1205 3464 tantum.
1235 3395 1354 3479 Quam·

49 3502 53 3510 '
136 3523 234 3588 quam
248 3497 347 3565 hinc
337 3521 402 3564 ram
417 3485 623 3588 perspicitur,
649 3501 744 3568 deum
760 3525 825 3568 non
839 3500 1034 3566 Iudaeorum
1049 3498 1164 3577 solum,
1187 3497 1354 3565 sedetiam

137 3603 338 3670 Graecorum
353 3623 436 3678 esse,
452 3605 662 3688 potestate
676 3603 865 3682 Dominum,
881 3605 1048 3691 potestate
1062 3603 1159 3668 deum
1170 3601 1311 3668 omnium
1321 3599 1353 3662 et

33 3785 35 3790 Ι
133 3727 247 3774 revera
263 3703 546 3792 ‚omnipotentem3
570 3707 808 3793 cognitione
833 3709 943 3772 autem
969 3727 1035 3770 nou
1060 3703 1221 3769 omnium)
1245 3701 1350 3788 Neque

134 3807 268 3888 enimid,
283 3807 369 3895 quod
382 3811 443 3886 cst,
455 3829 559 3896 neque
570 3807 898 3900 quomodoDominus
908 3807 1091 3905 etPateret
1100 3808 1239 3885 creator,
1252 3821 1347 3890 neque

187 4113 212 4182 ¹)
230 4129 257 4180 p
270 4111 416 4170 tat-714.
435 4115 507 4168 Haec
524 4117 615 4169 ultima
625 4118 744 4172 Platonis
759 4122 838 4172 verba
855 4121 908 4170 iam
922 4135 939 4170 a
950 4115 1082 4168 Clemente
1094 4121 1223 4198 tauquam
1237 4126 1346 4181 praeson-
1376 4121 1381 4129 ’

131 4202 227 4256 sionem
239 4199 362 4265 passionis
374 4215 406 4251 ac
416 4203 504 4254 ιιιοιιιι
517 4204 658 4258 Servatoris
670 4207 753 4258 nostri
770 4213 796 4258 ιιι
806 4207 852 4258 filii
864 4207 906 4258 dei
917 4205 1007 4256 habita
1018 4219 1071 4256 esse
1082 4204 1161 4268 ipsius
1173 4199 1345 4257 disertaverba

130 4287 269 4346 declarant
304 4285 475 4347 Quamobrem
493 4293 578 4342 nescio
589 4295 715 4358 quomodo
723 4292 821 4344 iactum
841 4293 890 4356 sit,
913 4291 1074 4343 utNourrina
1090 4289 1176 4341 locum
1189 4286 1344 4356 apertamits

129 4371 267 4440 aranga:
275 4373 1342 4470 ExsaeraadhaeseriptaradelibavitPlatoiustumlromlrrem

128 4459 161 4510 in
177 4460 236 4510 hec
259 4459 388 4513 scilicet
409 4461 476 4514 vita
493 4462 709 4534 (unamquemque
726 4445 816 4534 igitur)
836 4465 952 4532 poeuis
969 4469 1001 4517 et
1017 4461 1260 4517 afflictionibus
1276 4469 1339 4508 oru-

127 4543 283 4602 ciendam.
1061 4569 1063 4573 ·

134 4629 136 4636 '
181 4629 209 4699 ⁸)
226 4629 409 4699 p.t14-rrt.
