<?xml version="1.0" encoding="UTF-8"?>
<!DOCTYPE html PUBLIC "-//W3C//DTD XHTML 1.0 Transitional//EN"
    "http://www.w3.org/TR/xhtml1/DTD/xhtml1-transitional.dtd">
<html xmlns="http://www.w3.org/1999/xhtml" xml:lang="en" lang="en">
 <head>
  <title>
</title>
<meta http-equiv="Content-Type" content="text/html;charset=utf-8" />
  <meta name='ocr-system' content='tesseract 3.04.00' />
  <meta name='ocr-capabilities' content='ocr_page ocr_carea ocr_par ocr_line ocrx_word'/>
</head>
<body>
  <div class='ocr_page' id='page_1' title='image "./clemente00reingoog_0166.png"; bbox 0 0 2830 5054; ppageno 0'>
   <div class='ocr_carea' id='block_1_1' title="bbox 479 321 1025 388">
    <p class='ocr_par' dir='ltr' id='par_1_1' title="bbox 479 321 1025 388">
     <span class='ocr_line' id='line_1_1' title="bbox 479 321 1025 388; baseline 0.004 -2"><span class='ocrx_word' id='word_1_1' title='bbox 479 321 490 338; x_wconf 84' lang='lat'><strong><em>&#39;</em></strong></span> <span class='ocrx_word' id='word_1_2' title='bbox 602 321 667 388; x_wconf 76' lang='lat'><strong>153</strong></span> <span class='ocrx_word' id='word_1_3' title='bbox 1006 329 1025 368; x_wconf 57' lang='lat' dir='ltr'><strong>t</strong></span> 
     </span>
    </p>
   </div>
   <div class='ocr_carea' id='block_1_2' title="bbox 55 503 1293 1519">
    <p class='ocr_par' dir='ltr' id='par_1_2' title="bbox 55 503 1293 1326">
     <span class='ocr_line' id='line_1_2' title="bbox 56 503 1237 596; baseline -0.005 -22"><span class='ocrx_word' id='word_1_4' title='bbox 56 507 166 595; x_wconf 86' lang='lat' dir='ltr'><strong>aspersi.</strong></span> <span class='ocrx_word' id='word_1_5' title='bbox 206 505 315 596; x_wconf 81' lang='lat' dir='ltr'><strong>Neque</strong></span> <span class='ocrx_word' id='word_1_6' title='bbox 329 507 414 574; x_wconf 91' lang='lat' dir='ltr'><strong>enim</strong></span> <span class='ocrx_word' id='word_1_7' title='bbox 428 507 463 572; x_wconf 93' lang='lat' dir='ltr'><strong>in</strong></span> <span class='ocrx_word' id='word_1_8' title='bbox 477 507 699 596; x_wconf 88' lang='lat' dir='ltr'><strong>peccatoribus</strong></span> <span class='ocrx_word' id='word_1_9' title='bbox 721 509 891 596; x_wconf 87' lang='lat' dir='ltr'><strong>peccatum</strong></span> <span class='ocrx_word' id='word_1_10' title='bbox 905 505 1084 592; x_wconf 81' lang='lat' dir='ltr'>diligimus,</span> <span class='ocrx_word' id='word_1_11' title='bbox 1107 503 1163 570; x_wconf 90' lang='lat' dir='ltr'><strong>sed</strong></span> <span class='ocrx_word' id='word_1_12' title='bbox 1177 525 1237 572; x_wconf 77' lang='lat' dir='ltr'><strong>na-</strong></span> 
     </span>
     <span class='ocr_line' id='line_1_3' title="bbox 55 605 1235 698; baseline -0.003 -24"><span class='ocrx_word' id='word_1_13' title='bbox 55 615 140 675; x_wconf 87' lang='lat' dir='ltr'><strong>turam</strong></span> <span class='ocrx_word' id='word_1_14' title='bbox 158 609 339 686; x_wconf 85' lang='lat' dir='ltr'><strong>humanam,</strong></span> <span class='ocrx_word' id='word_1_15' title='bbox 359 609 529 694; x_wconf 79' lang='lat' dir='ltr'><strong>hominem.</strong></span> <span class='ocrx_word' id='word_1_16' title='bbox 574 611 660 676; x_wconf 90' lang='lat' dir='ltr'><strong>Sunt</strong></span> <span class='ocrx_word' id='word_1_17' title='bbox 679 631 759 676; x_wconf 85' lang='lat' dir='ltr'><strong>vero</strong></span> <span class='ocrx_word' id='word_1_18' title='bbox 774 609 829 674; x_wconf 91' lang='lat' dir='ltr'><strong>alii</strong></span> <span class='ocrx_word' id='word_1_19' title='bbox 849 612 1052 698; x_wconf 76' lang='lat' dir='ltr'>peccatores,</span> <span class='ocrx_word' id='word_1_20' title='bbox 1082 607 1137 672; x_wconf 90' lang='lat' dir='ltr'><strong>alii</strong></span> <span class='ocrx_word' id='word_1_21' title='bbox 1154 605 1235 672; x_wconf 91' lang='lat' dir='ltr'><strong>iusti</strong></span> 
     </span>
     <span class='ocr_line' id='line_1_4' title="bbox 55 709 1240 800; baseline -0.003 -24"><span class='ocrx_word' id='word_1_22' title='bbox 55 712 135 776; x_wconf 90' lang='lat' dir='ltr'><strong>libero</strong></span> <span class='ocrx_word' id='word_1_23' title='bbox 152 711 290 800; x_wconf 89' lang='lat' dir='ltr'><strong>ipsorum</strong></span> <span class='ocrx_word' id='word_1_24' title='bbox 306 711 451 778; x_wconf 84' lang='lat' dir='ltr'><strong>arbitrio.</strong></span> <span class='ocrx_word' id='word_1_25' title='bbox 495 711 631 779; x_wconf 87' lang='lat' dir='ltr'><strong>Minima</strong></span> <span class='ocrx_word' id='word_1_26' title='bbox 651 712 734 778; x_wconf 88' lang='lat' dir='ltr'><strong>enim</strong></span> <span class='ocrx_word' id='word_1_27' title='bbox 755 712 828 798; x_wconf 90' lang='lat' dir='ltr'><strong>ipsa</strong></span> <span class='ocrx_word' id='word_1_28' title='bbox 848 710 1013 798; x_wconf 81' lang='lat' dir='ltr'><strong>generatio</strong></span> <span class='ocrx_word' id='word_1_29' title='bbox 1034 713 1086 775; x_wconf 90' lang='lat' dir='ltr'><strong>est</strong></span> <span class='ocrx_word' id='word_1_30' title='bbox 1105 709 1189 774; x_wconf 89' lang='lat' dir='ltr'><strong>mala</strong></span> <span class='ocrx_word' id='word_1_31' title='bbox 1204 709 1240 773; x_wconf 90' lang='lat' dir='ltr'><strong>et</strong></span> 
     </span>
     <span class='ocr_line' id='line_1_5' title="bbox 55 813 1236 904; baseline 0 -27"><span class='ocrx_word' id='word_1_32' title='bbox 55 813 247 892; x_wconf 67' lang='lat' dir='ltr'><strong>exsecrandae</strong></span> <span class='ocrx_word' id='word_1_33' title='bbox 271 817 469 904; x_wconf 85' lang='lat' dir='ltr'><strong>quapropter</strong></span> <span class='ocrx_word' id='word_1_34' title='bbox 479 814 513 880; x_wconf 95' lang='lat' dir='ltr'><strong>in</strong></span> <span class='ocrx_word' id='word_1_35' title='bbox 521 813 582 882; x_wconf 91' lang='lat' dir='ltr'><strong>hoc</strong></span> <span class='ocrx_word' id='word_1_36' title='bbox 592 815 712 880; x_wconf 91' lang='lat' dir='ltr'><strong>mundo</strong></span> <span class='ocrx_word' id='word_1_37' title='bbox 726 837 791 878; x_wconf 89' lang='lat' dir='ltr'><strong>non</strong></span> <span class='ocrx_word' id='word_1_38' title='bbox 803 814 851 879; x_wconf 86' lang='lat' dir='ltr'><strong>its</strong></span> <span class='ocrx_word' id='word_1_39' title='bbox 868 836 978 879; x_wconf 90' lang='lat' dir='ltr'><strong>sumus</strong></span> <span class='ocrx_word' id='word_1_40' title='bbox 992 813 1027 878; x_wconf 91' lang='lat' dir='ltr'><strong>in</strong></span> <span class='ocrx_word' id='word_1_41' title='bbox 1041 813 1110 878; x_wconf 91' lang='lat' dir='ltr'><strong>loco</strong></span> <span class='ocrx_word' id='word_1_42' title='bbox 1122 813 1236 888; x_wconf 91' lang='lat' dir='ltr'><strong>alieno,</strong></span> 
     </span>
     <span class='ocr_line' id='line_1_6' title="bbox 57 917 1238 1004; baseline -0.002 -24"><span class='ocrx_word' id='word_1_43' title='bbox 57 918 131 1000; x_wconf 90' lang='lat' dir='ltr'><strong>quasi</strong></span> <span class='ocrx_word' id='word_1_44' title='bbox 143 940 162 982; x_wconf 87' lang='lat' dir='ltr'><strong>a</strong></span> <span class='ocrx_word' id='word_1_45' title='bbox 176 940 298 984; x_wconf 89' lang='lat' dir='ltr'><strong>summo</strong></span> <span class='ocrx_word' id='word_1_46' title='bbox 312 919 372 982; x_wconf 92' lang='lat' dir='ltr'><strong>deo</strong></span> <span class='ocrx_word' id='word_1_47' title='bbox 385 917 438 982; x_wconf 92' lang='lat' dir='ltr'><strong>hio</strong></span> <span class='ocrx_word' id='word_1_48' title='bbox 451 939 516 982; x_wconf 91' lang='lat' dir='ltr'><strong>non</strong></span> <span class='ocrx_word' id='word_1_49' title='bbox 531 921 619 984; x_wconf 88' lang='lat' dir='ltr'><strong>esset</strong></span> <span class='ocrx_word' id='word_1_50' title='bbox 634 919 777 993; x_wconf 89' lang='lat' dir='ltr'><strong>creatus,</strong></span> <span class='ocrx_word' id='word_1_51' title='bbox 802 917 859 982; x_wconf 89' lang='lat' dir='ltr'><strong>sed</strong></span> <span class='ocrx_word' id='word_1_52' title='bbox 875 917 962 1002; x_wconf 87' lang='lat' dir='ltr'><strong>quod</strong></span> <span class='ocrx_word' id='word_1_53' title='bbox 976 935 1205 1004; x_wconf 81' lang='lat' dir='ltr'><strong>saepenumero</strong></span> <span class='ocrx_word' id='word_1_54' title='bbox 1219 935 1238 978; x_wconf 87' lang='lat' dir='ltr'><strong>a</strong></span> 
     </span>
     <span class='ocr_line' id='line_1_7' title="bbox 55 1015 1239 1106; baseline -0.001 -24"><span class='ocrx_word' id='word_1_55' title='bbox 55 1019 98 1084; x_wconf 86' lang='lat' dir='ltr'><strong>deo</strong></span> <span class='ocrx_word' id='word_1_56' title='bbox 111 1041 164 1086; x_wconf 90' lang='lat' dir='ltr'><strong>uos</strong></span> <span class='ocrx_word' id='word_1_57' title='bbox 181 1020 259 1086; x_wconf 88' lang='lat' dir='ltr'><strong>lacit</strong></span> <span class='ocrx_word' id='word_1_58' title='bbox 279 1020 417 1096; x_wconf 86' lang='lat' dir='ltr'><strong>alienos,</strong></span> <span class='ocrx_word' id='word_1_59' title='bbox 439 1019 578 1085; x_wconf 85' lang='lat' dir='ltr'><strong>alienum</strong></span> <span class='ocrx_word' id='word_1_60' title='bbox 598 1041 671 1085; x_wconf 88' lang='lat' dir='ltr'><strong>eum</strong></span> <span class='ocrx_word' id='word_1_61' title='bbox 689 1019 899 1106; x_wconf 89' lang='lat' dir='ltr'><strong>appellamus.</strong></span> <span class='ocrx_word' id='word_1_62' title='bbox 944 1017 1051 1102; x_wconf 80' lang='lat' dir='ltr'><strong>(Quae</strong></span> <span class='ocrx_word' id='word_1_63' title='bbox 1072 1039 1171 1102; x_wconf 90' lang='lat' dir='ltr'><strong>quum</strong></span> <span class='ocrx_word' id='word_1_64' title='bbox 1190 1015 1239 1081; x_wconf 89' lang='lat' dir='ltr'><strong>ita</strong></span> 
     </span>
     <span class='ocr_line' id='line_1_8' title="bbox 55 1118 1293 1212; baseline -0.002 -28"><span class='ocrx_word' id='word_1_65' title='bbox 55 1121 113 1198; x_wconf 89' lang='lat' dir='ltr'><strong>sint,</strong></span> <span class='ocrx_word' id='word_1_66' title='bbox 129 1121 315 1206; x_wconf 75' lang='lat' dir='ltr'><strong>Valentinus</strong></span> <span class='ocrx_word' id='word_1_67' title='bbox 331 1123 460 1212; x_wconf 91' lang='lat' dir='ltr'><strong>quidem</strong></span> <span class='ocrx_word' id='word_1_68' title='bbox 475 1122 515 1186; x_wconf 87' lang='lat' dir='ltr'><strong>de</strong></span> <span class='ocrx_word' id='word_1_69' title='bbox 529 1123 685 1209; x_wconf 84' lang='lat' dir='ltr'><strong>martyrio</strong></span> <span class='ocrx_word' id='word_1_70' title='bbox 701 1120 868 1187; x_wconf 89' lang='lat' dir='ltr'><strong>subeundo</strong></span> <span class='ocrx_word' id='word_1_71' title='bbox 881 1119 1048 1186; x_wconf 79' lang='lat' dir='ltr'><strong>nobiscum</strong></span> <span class='ocrx_word' id='word_1_72' title='bbox 1064 1118 1236 1196; x_wconf 89' lang='lat' dir='ltr'><strong>consentit,</strong></span> <span class='ocrx_word' id='word_1_73' title='bbox 1286 1151 1293 1166; x_wconf 52' lang='grc' dir='ltr'><em>ι</em></span> 
     </span>
     <span class='ocr_line' id='line_1_9' title="bbox 56 1223 871 1326; baseline -0.001 -39"><span class='ocrx_word' id='word_1_74' title='bbox 56 1223 83 1287; x_wconf 91' lang='lat' dir='ltr'><strong>de</strong></span> <span class='ocrx_word' id='word_1_75' title='bbox 96 1245 185 1288; x_wconf 89' lang='lat' dir='ltr'><strong>causa</strong></span> <span class='ocrx_word' id='word_1_76' title='bbox 198 1231 318 1326; x_wconf 67' lang='lat' dir='ltr'><strong>autem,</strong></span> <span class='ocrx_word' id='word_1_77' title='bbox 333 1249 390 1292; x_wconf 90' lang='lat' dir='ltr'><strong>cur</strong></span> <span class='ocrx_word' id='word_1_78' title='bbox 405 1225 451 1290; x_wconf 88' lang='lat' dir='ltr'><strong>sit</strong></span> <span class='ocrx_word' id='word_1_79' title='bbox 461 1224 675 1307; x_wconf 89' lang='lat' dir='ltr'><strong>subeundum,</strong></span> <span class='ocrx_word' id='word_1_80' title='bbox 692 1247 756 1290; x_wconf 90' lang='lat' dir='ltr'><strong>nun</strong></span> <span class='ocrx_word' id='word_1_81' title='bbox 771 1225 871 1301; x_wconf 82' lang='lat' dir='ltr'><strong>item).</strong></span> 
     </span>
    </p>

    <p class='ocr_par' dir='ltr' id='par_1_3' title="bbox 55 1322 1272 1519">
     <span class='ocr_line' id='line_1_10' title="bbox 101 1322 1272 1414; baseline -0.003 -24"><span class='ocrx_word' id='word_1_82' title='bbox 101 1325 307 1392; x_wconf 79' lang='lat' dir='ltr'><strong>Adversarius</strong></span> <span class='ocrx_word' id='word_1_83' title='bbox 320 1329 429 1394; x_wconf 88' lang='lat' dir='ltr'><strong>autem</strong></span> <span class='ocrx_word' id='word_1_84' title='bbox 439 1332 563 1392; x_wconf 78' lang='lat' dir='ltr'><strong>nonest</strong></span> <span class='ocrx_word' id='word_1_85' title='bbox 574 1349 690 1414; x_wconf 91' lang='lat' dir='ltr'><strong>corpus</strong></span> <span class='ocrx_word' id='word_1_86' title='bbox 702 1327 769 1392; x_wconf 84' lang='lat' dir='ltr'><strong>sive</strong></span> <span class='ocrx_word' id='word_1_87' title='bbox 781 1325 926 1401; x_wconf 86' lang='lat' dir='ltr'><strong>materia,</strong></span> <span class='ocrx_word' id='word_1_88' title='bbox 939 1323 996 1390; x_wconf 91' lang='lat' dir='ltr'><strong>sed</strong></span> <span class='ocrx_word' id='word_1_89' title='bbox 1006 1322 1152 1388; x_wconf 89' lang='lat' dir='ltr'><strong>diabolus</strong></span> <span class='ocrx_word' id='word_1_90' title='bbox 1165 1343 1238 1387; x_wconf 90' lang='lat' dir='ltr'><strong>cum</strong></span> <span class='ocrx_word' id='word_1_91' title='bbox 1270 1323 1272 1330; x_wconf 57' lang='lat'><strong>⁴</strong></span> 
     </span>
     <span class='ocr_line' id='line_1_11' title="bbox 55 1424 1239 1519; baseline 0 -31"><span class='ocrx_word' id='word_1_92' title='bbox 55 1427 128 1493; x_wconf 90' lang='lat' dir='ltr'><strong>sociis</strong></span> <span class='ocrx_word' id='word_1_93' title='bbox 143 1429 207 1494; x_wconf 92' lang='lat' dir='ltr'><strong>suis</strong></span> <span class='ocrx_word' id='word_1_94' title='bbox 224 1427 393 1504; x_wconf 87' lang='lat' dir='ltr'>similibus,</span> <span class='ocrx_word' id='word_1_95' title='bbox 416 1430 470 1519; x_wconf 92' lang='lat' dir='ltr'><strong>qui</strong></span> <span class='ocrx_word' id='word_1_96' title='bbox 490 1453 555 1495; x_wconf 91' lang='lat' dir='ltr'><strong>una</strong></span> <span class='ocrx_word' id='word_1_97' title='bbox 574 1429 742 1495; x_wconf 87' lang='lat' dir='ltr'><strong>nobiscum</strong></span> <span class='ocrx_word' id='word_1_98' title='bbox 761 1429 800 1494; x_wconf 92' lang='lat' dir='ltr'><strong>in</strong></span> <span class='ocrx_word' id='word_1_99' title='bbox 822 1427 884 1492; x_wconf 88' lang='lat' dir='ltr'><strong>via</strong></span> <span class='ocrx_word' id='word_1_100' title='bbox 905 1425 1087 1514; x_wconf 78' lang='lat' dir='ltr'><strong>ingreditur</strong></span> <span class='ocrx_word' id='word_1_101' title='bbox 1105 1447 1162 1511; x_wconf 87' lang='lat' dir='ltr'><strong>per</strong></span> <span class='ocrx_word' id='word_1_102' title='bbox 1181 1424 1239 1488; x_wconf 69' lang='lat' dir='ltr'><strong>ha</strong></span> 
     </span>
    </p>
   </div>
   <div class='ocr_carea' id='block_1_3' title="bbox 54 1519 1239 1616">
    <p class='ocr_par' dir='ltr' id='par_1_4' title="bbox 54 1519 1239 1616">
     <span class='ocr_line' id='line_1_12' title="bbox 54 1519 1239 1616; baseline 0.003 -26"><span class='ocrx_word' id='word_1_103' title='bbox 54 1527 143 1606; x_wconf 88' lang='lat' dir='ltr'><strong>niues,</strong></span> <span class='ocrx_word' id='word_1_104' title='bbox 162 1530 216 1616; x_wconf 90' lang='lat' dir='ltr'><strong>qui</strong></span> <span class='ocrx_word' id='word_1_105' title='bbox 235 1531 270 1596; x_wconf 91' lang='lat' dir='ltr'><strong>in</strong></span> <span class='ocrx_word' id='word_1_106' title='bbox 284 1529 345 1594; x_wconf 88' lang='lat' dir='ltr'><strong>hac</strong></span> <span class='ocrx_word' id='word_1_107' title='bbox 365 1531 434 1610; x_wconf 88' lang='lat' dir='ltr'><strong>vita</strong></span> <span class='ocrx_word' id='word_1_108' title='bbox 453 1519 689 1598; x_wconf 54' lang='lat' dir='ltr'><strong>terrena&#39;facta</strong></span> <span class='ocrx_word' id='word_1_109' title='bbox 709 1532 777 1596; x_wconf 90' lang='lat' dir='ltr'><strong>eius</strong></span> <span class='ocrx_word' id='word_1_110' title='bbox 798 1530 977 1594; x_wconf 88' lang='lat' dir='ltr'><strong>imitantur.</strong></span> <span class='ocrx_word' id='word_1_111' title='bbox 1021 1527 1109 1592; x_wconf 82' lang='lat' dir='ltr'><strong>Fieri</strong></span> <span class='ocrx_word' id='word_1_112' title='bbox 1130 1528 1239 1592; x_wconf 84' lang='lat' dir='ltr'><strong>autem</strong></span> 
     </span>
    </p>
   </div>
   <div class='ocr_carea' id='block_1_4' title="bbox 54 1620 1364 1721">
    <p class='ocr_par' dir='ltr' id='par_1_5' title="bbox 54 1620 1364 1721">
     <span class='ocr_line' id='line_1_13' title="bbox 54 1620 1364 1721; baseline 0.003 -29"><span class='ocrx_word' id='word_1_113' title='bbox 54 1629 151 1717; x_wconf 89' lang='lat' dir='ltr'><strong>nequit,</strong></span> <span class='ocrx_word' id='word_1_114' title='bbox 167 1633 243 1720; x_wconf 90' lang='lat' dir='ltr'><strong>quin</strong></span> <span class='ocrx_word' id='word_1_115' title='bbox 258 1620 479 1698; x_wconf 65' lang='lat' dir='ltr'><strong>inimicissime</strong></span> <span class='ocrx_word' id='word_1_116' title='bbox 494 1634 647 1721; x_wconf 90' lang='lat' dir='ltr'><strong>patienda</strong></span> <span class='ocrx_word' id='word_1_117' title='bbox 662 1634 831 1708; x_wconf 85' lang='lat' dir='ltr'><strong>declinent,</strong></span> <span class='ocrx_word' id='word_1_118' title='bbox 853 1622 908 1720; x_wconf 89' lang='lat' dir='ltr'><strong>qui</strong></span> <span class='ocrx_word' id='word_1_119' title='bbox 925 1655 959 1696; x_wconf 91' lang='lat' dir='ltr'><strong>se</strong></span> <span class='ocrx_word' id='word_1_120' title='bbox 973 1629 1009 1695; x_wconf 93' lang='lat' dir='ltr'><strong>in</strong></span> <span class='ocrx_word' id='word_1_121' title='bbox 1026 1627 1150 1695; x_wconf 83' lang='lat' dir='ltr'><strong>Christi</strong></span> <span class='ocrx_word' id='word_1_122' title='bbox 1166 1627 1239 1716; x_wconf 77' lang='lat' dir='ltr'><strong>qui-</strong></span> <span class='ocrx_word' id='word_1_123' title='bbox 1361 1677 1364 1696; x_wconf 88' lang='lat'>.</span> 
     </span>
    </p>
   </div>
   <div class='ocr_carea' id='block_1_5' title="bbox 54 1727 1240 2026">
    <p class='ocr_par' dir='ltr' id='par_1_6' title="bbox 54 1727 1240 2026">
     <span class='ocr_line' id='line_1_14' title="bbox 54 1727 1239 1823; baseline 0.005 -31"><span class='ocrx_word' id='word_1_124' title='bbox 54 1727 107 1794; x_wconf 88' lang='lat' dir='ltr'><strong>den</strong></span> <span class='ocrx_word' id='word_1_125' title='bbox 119 1734 265 1820; x_wconf 88' lang='lat' dir='ltr'><strong>operibns</strong></span> <span class='ocrx_word' id='word_1_126' title='bbox 280 1755 352 1800; x_wconf 80' lang='lat' dir='ltr'><strong>esse</strong></span> <span class='ocrx_word' id='word_1_127' title='bbox 367 1735 571 1813; x_wconf 85' lang='lat' dir='ltr'><strong>confitentur,</strong></span> <span class='ocrx_word' id='word_1_128' title='bbox 586 1736 619 1802; x_wconf 92' lang='lat' dir='ltr'><strong>in</strong></span> <span class='ocrx_word' id='word_1_129' title='bbox 635 1735 753 1801; x_wconf 88' lang='lat' dir='ltr'><strong>diaboli</strong></span> <span class='ocrx_word' id='word_1_130' title='bbox 769 1735 918 1823; x_wconf 87' lang='lat' dir='ltr'><strong>operibus</strong></span> <span class='ocrx_word' id='word_1_131' title='bbox 934 1737 1041 1798; x_wconf 88' lang='lat' dir='ltr'><strong>autem</strong></span> <span class='ocrx_word' id='word_1_132' title='bbox 1056 1733 1239 1820; x_wconf 83' lang='lat' dir='ltr'><strong>versantur.</strong></span> 
     </span>
     <span class='ocr_line' id='line_1_15' title="bbox 55 1830 1239 1937; baseline 0.001 -40"><span class='ocrx_word' id='word_1_133' title='bbox 55 1830 192 1922; x_wconf 80' lang='lat' dir='ltr'><strong>Scriptum</strong></span> <span class='ocrx_word' id='word_1_134' title='bbox 207 1838 375 1902; x_wconf 83' lang='lat' dir='ltr'><strong>est&#39;enim:</strong></span> <span class='ocrx_word' id='word_1_135' title='bbox 397 1837 452 1902; x_wconf 90' lang='lat' dir='ltr'><strong>Na</strong></span> <span class='ocrx_word' id='word_1_136' title='bbox 467 1835 576 1904; x_wconf 80' lang='lat' dir='ltr'><strong>forte</strong></span> <span class='ocrx_word' id='word_1_137' title='bbox 590 1841 629 1902; x_wconf 90' lang='lat' dir='ltr'><strong>te</strong></span> <span class='ocrx_word' id='word_1_138' title='bbox 643 1839 783 1903; x_wconf 87' lang='lat' dir='ltr'><strong>tradat</strong></span> <span class='ocrx_word' id='word_1_139' title='bbox 797 1837 821 1904; x_wconf 82' lang='lat' dir='ltr'><strong>J</strong></span> <span class='ocrx_word' id='word_1_140' title='bbox 827 1837 947 1914; x_wconf 90' lang='lat' dir='ltr'><strong>udici‚</strong></span> <span class='ocrx_word' id='word_1_141' title='bbox 964 1835 987 1902; x_wconf 86' lang='lat' dir='ltr'><strong>J</strong></span> <span class='ocrx_word' id='word_1_142' title='bbox 994 1835 1095 1900; x_wconf 88' lang='lat' dir='ltr'><strong>udex</strong></span> <span class='ocrx_word' id='word_1_143' title='bbox 1110 1837 1239 1937; x_wconf 71' lang='lat' dir='ltr'><strong>autern</strong></span> 
     </span>
     <span class='ocr_line' id='line_1_16' title="bbox 56 1933 1240 2026; baseline 0 -26"><span class='ocrx_word' id='word_1_144' title='bbox 56 1935 210 2004; x_wconf 83' lang='lat' dir='ltr'><strong>ministro</strong></span> <span class='ocrx_word' id='word_1_145' title='bbox 235 1939 363 2026; x_wconf 87' lang='lat' dir='ltr'><strong>imperii</strong></span> <span class='ocrx_word' id='word_1_146' title='bbox 391 1939 519 2006; x_wconf 89' lang='lat' dir='ltr'><strong>diaboli.</strong></span> <span class='ocrx_word' id='word_1_147' title='bbox 568 1939 804 2005; x_wconf 81' lang='lat' dir='ltr'><strong>Persuasum</strong></span> <span class='ocrx_word' id='word_1_148' title='bbox 837 1939 937 2004; x_wconf 90' lang='lat' dir='ltr'><strong>enim</strong></span> <span class='ocrx_word' id='word_1_149' title='bbox 972 1938 1110 2013; x_wconf 83' lang='lat' dir='ltr'><strong>habea,</strong></span> <span class='ocrx_word' id='word_1_150' title='bbox 1140 1933 1240 2023; x_wconf 85' lang='lat' dir='ltr'><strong>quod</strong></span> 
     </span>
    </p>
   </div>
   <div class='ocr_carea' id='block_1_6' title="bbox 58 2039 1358 2130">
    <p class='ocr_par' dir='ltr' id='par_1_7' title="bbox 58 2039 1358 2130">
     <span class='ocr_line' id='line_1_17' title="bbox 58 2039 1358 2130; baseline -0.002 -28"><span class='ocrx_word' id='word_1_151' title='bbox 58 2059 154 2128; x_wconf 84' lang='lat' dir='ltr'><strong>nsque</strong></span> <span class='ocrx_word' id='word_1_152' title='bbox 174 2063 293 2118; x_wconf 90' lang='lat' dir='ltr'><strong>mors,</strong></span> <span class='ocrx_word' id='word_1_153' title='bbox 317 2063 412 2130; x_wconf 90' lang='lat' dir='ltr'><strong>quam</strong></span> <span class='ocrx_word' id='word_1_154' title='bbox 427 2044 567 2108; x_wconf 83' lang='lat' dir='ltr'><strong>afferunt</strong></span> <span class='ocrx_word' id='word_1_155' title='bbox 586 2043 625 2119; x_wconf 91' lang='lat' dir='ltr'><strong>ei,</strong></span> <span class='ocrx_word' id='word_1_156' title='bbox 647 2042 701 2130; x_wconf 90' lang='lat' dir='ltr'><strong>qui</strong></span> <span class='ocrx_word' id='word_1_157' title='bbox 721 2045 975 2130; x_wconf 88' lang='lat' dir='ltr'><strong>persequuntur;</strong></span> <span class='ocrx_word' id='word_1_158' title='bbox 997 2061 1121 2130; x_wconf 91' lang='lat' dir='ltr'><strong>neque</strong></span> <span class='ocrx_word' id='word_1_159' title='bbox 1143 2039 1238 2129; x_wconf 73' lang='lat' dir='ltr'><strong>uita,</strong></span> <span class='ocrx_word' id='word_1_160' title='bbox 1351 2111 1358 2124; x_wconf 83' lang='lat'>.</span> 
     </span>
    </p>
   </div>
   <div class='ocr_carea' id='block_1_7' title="bbox 46 2139 1243 4690">
    <p class='ocr_par' dir='ltr' id='par_1_8' title="bbox 48 2139 1243 3252">
     <span class='ocr_line' id='line_1_18' title="bbox 57 2139 1238 2233; baseline -0.002 -29"><span class='ocrx_word' id='word_1_161' title='bbox 57 2143 173 2226; x_wconf 86' lang='lat' dir='ltr'><strong>quuehic</strong></span> <span class='ocrx_word' id='word_1_162' title='bbox 187 2145 314 2230; x_wconf 78' lang='lat' dir='ltr'><strong>agitur3</strong></span> <span class='ocrx_word' id='word_1_163' title='bbox 338 2165 462 2232; x_wconf 89' lang='lat' dir='ltr'><strong>neque</strong></span> <span class='ocrx_word' id='word_1_164' title='bbox 483 2143 632 2228; x_wconf 85' lang='lat' dir='ltr'><strong>angeli,</strong></span> <span class='ocrx_word' id='word_1_165' title='bbox 655 2145 711 2233; x_wconf 92' lang='lat' dir='ltr'><strong>qui</strong></span> <span class='ocrx_word' id='word_1_166' title='bbox 728 2144 924 2220; x_wconf 83' lang='lat' dir='ltr'><strong>deiecerunt,</strong></span> <span class='ocrx_word' id='word_1_167' title='bbox 947 2165 1071 2232; x_wconf 88' lang='lat' dir='ltr'><strong>neque</strong></span> <span class='ocrx_word' id='word_1_168' title='bbox 1091 2139 1238 2228; x_wconf 88' lang='lat' dir='ltr'><strong>princi-</strong></span> 
     </span>
     <span class='ocr_line' id='line_1_19' title="bbox 53 2240 1238 2334; baseline -0.002 -26"><span class='ocrx_word' id='word_1_169' title='bbox 53 2247 147 2326; x_wconf 85' lang='lat' dir='ltr'><strong>patus</strong></span> <span class='ocrx_word' id='word_1_170' title='bbox 175 2246 335 2327; x_wconf 76' lang='lat' dir='ltr'><strong>(Sptanae</strong></span> <span class='ocrx_word' id='word_1_171' title='bbox 359 2249 467 2312; x_wconf 88' lang='lat' dir='ltr'><strong>autem</strong></span> <span class='ocrx_word' id='word_1_172' title='bbox 492 2247 693 2334; x_wconf 81' lang='lat' dir='ltr'><strong>principatus</strong></span> <span class='ocrx_word' id='word_1_173' title='bbox 718 2250 770 2312; x_wconf 92' lang='lat' dir='ltr'><strong>est</strong></span> <span class='ocrx_word' id='word_1_174' title='bbox 790 2247 873 2323; x_wconf 89' lang='lat' dir='ltr'><strong>vita,</strong></span> <span class='ocrx_word' id='word_1_175' title='bbox 903 2269 999 2334; x_wconf 89' lang='lat' dir='ltr'><strong>quam</strong></span> <span class='ocrx_word' id='word_1_176' title='bbox 1020 2244 1126 2330; x_wconf 85' lang='lat' dir='ltr'><strong>eligit:</strong></span> <span class='ocrx_word' id='word_1_177' title='bbox 1155 2240 1238 2306; x_wconf 87' lang='lat' dir='ltr'><strong>tales</strong></span> 
     </span>
     <span class='ocr_line' id='line_1_20' title="bbox 53 2340 1238 2438; baseline 0.003 -33"><span class='ocrx_word' id='word_1_178' title='bbox 53 2344 213 2426; x_wconf 75' lang='lat' dir='ltr'><strong>emmeant,</strong></span> <span class='ocrx_word' id='word_1_179' title='bbox 230 2349 377 2438; x_wconf 88' lang='lat' dir='ltr'><strong>quisunt</strong></span> <span class='ocrx_word' id='word_1_180' title='bbox 397 2371 436 2414; x_wconf 87' lang='lat' dir='ltr'><strong>ex</strong></span> <span class='ocrx_word' id='word_1_181' title='bbox 457 2371 494 2414; x_wconf 84' lang='lat' dir='ltr'><strong>co</strong></span> <span class='ocrx_word' id='word_1_182' title='bbox 514 2349 715 2436; x_wconf 88' lang='lat' dir='ltr'><strong>principatus</strong></span> <span class='ocrx_word' id='word_1_183' title='bbox 742 2355 776 2414; x_wconf 91' lang='lat' dir='ltr'><strong>et</strong></span> <span class='ocrx_word' id='word_1_184' title='bbox 802 2340 983 2436; x_wconf 85' lang='lat' dir='ltr'><strong>potestates</strong></span> <span class='ocrx_word' id='word_1_185' title='bbox 1005 2346 1238 2428; x_wconf 75' lang='lat' dir='ltr'><strong>tenebrarum),</strong></span> 
     </span>
     <span class='ocr_line' id='line_1_21' title="bbox 52 2451 1240 2540; baseline 0 -30"><span class='ocrx_word' id='word_1_186' title='bbox 52 2467 149 2535; x_wconf 89' lang='lat' dir='ltr'><strong>neque</strong></span> <span class='ocrx_word' id='word_1_187' title='bbox 162 2451 411 2538; x_wconf 86' lang='lat' dir='ltr'><strong>praesentia,</strong></span> <span class='ocrx_word' id='word_1_188' title='bbox 427 2451 462 2516; x_wconf 93' lang='lat' dir='ltr'><strong>in</strong></span> <span class='ocrx_word' id='word_1_189' title='bbox 477 2451 592 2540; x_wconf 90' lang='lat' dir='ltr'><strong>quibus</strong></span> <span class='ocrx_word' id='word_1_190' title='bbox 604 2467 715 2517; x_wconf 89' lang='lat' dir='ltr'><strong>sumus</strong></span> <span class='ocrx_word' id='word_1_191' title='bbox 729 2454 874 2538; x_wconf 89' lang='lat' dir='ltr'><strong>tempore</strong></span> <span class='ocrx_word' id='word_1_192' title='bbox 888 2452 983 2516; x_wconf 93' lang='lat' dir='ltr'><strong>huius</strong></span> <span class='ocrx_word' id='word_1_193' title='bbox 998 2451 1095 2526; x_wconf 87' lang='lat' dir='ltr'><strong>vitae,</strong></span> <span class='ocrx_word' id='word_1_194' title='bbox 1111 2451 1150 2512; x_wconf 89' lang='lat' dir='ltr'><strong>ut</strong></span> <span class='ocrx_word' id='word_1_195' title='bbox 1165 2465 1240 2534; x_wconf 87' lang='lat' dir='ltr'><strong>spes</strong></span> 
     </span>
     <span class='ocr_line' id='line_1_22' title="bbox 51 2549 1239 2644; baseline 0.003 -30"><span class='ocrx_word' id='word_1_196' title='bbox 51 2549 154 2635; x_wconf 87' lang='lat' dir='ltr'><strong>quidem</strong></span> <span class='ocrx_word' id='word_1_197' title='bbox 164 2553 289 2632; x_wconf 91' lang='lat' dir='ltr'><strong>militis,</strong></span> <span class='ocrx_word' id='word_1_198' title='bbox 304 2553 428 2618; x_wconf 90' lang='lat' dir='ltr'><strong>lucrum</strong></span> <span class='ocrx_word' id='word_1_199' title='bbox 442 2555 645 2632; x_wconf 82' lang='lat' dir='ltr'><strong>mercatoris3</strong></span> <span class='ocrx_word' id='word_1_200' title='bbox 660 2575 785 2644; x_wconf 89' lang='lat' dir='ltr'><strong>neque</strong></span> <span class='ocrx_word' id='word_1_201' title='bbox 800 2556 992 2632; x_wconf 91' lang='lat' dir='ltr'><strong>altitudo,</strong></span> <span class='ocrx_word' id='word_1_202' title='bbox 1010 2575 1136 2641; x_wconf 88' lang='lat' dir='ltr'><strong>neque</strong></span> <span class='ocrx_word' id='word_1_203' title='bbox 1151 2571 1239 2637; x_wconf 85' lang='lat' dir='ltr'><strong>pro·</strong></span> 
     </span>
     <span class='ocr_line' id='line_1_23' title="bbox 50 2647 1240 2744; baseline 0.002 -30"><span class='ocrx_word' id='word_1_204' title='bbox 50 2647 226 2733; x_wconf 72' lang='lat' dir='ltr'><strong>funditas,</strong></span> <span class='ocrx_word' id='word_1_205' title='bbox 248 2677 376 2744; x_wconf 82' lang='lat' dir='ltr'><strong>nequo</strong></span> <span class='ocrx_word' id='word_1_206' title='bbox 399 2655 532 2744; x_wconf 89' lang='lat' dir='ltr'><strong>aliqua</strong></span> <span class='ocrx_word' id='word_1_207' title='bbox 553 2656 632 2720; x_wconf 89' lang='lat' dir='ltr'><strong>alia</strong></span> <span class='ocrx_word' id='word_1_208' title='bbox 654 2660 851 2734; x_wconf 88' lang='lat' dir='ltr'><strong>creatura,</strong></span> <span class='ocrx_word' id='word_1_209' title='bbox 876 2657 1240 2738; x_wconf 84' lang='lat' dir='ltr'><strong>secundumviinagen·</strong></span> 
     </span>
     <span class='ocr_line' id='line_1_24' title="bbox 49 2747 1239 2848; baseline 0.002 -30"><span class='ocrx_word' id='word_1_210' title='bbox 49 2753 98 2818; x_wconf 85' lang='lat' dir='ltr'><strong>tem</strong></span> <span class='ocrx_word' id='word_1_211' title='bbox 110 2757 225 2824; x_wconf 90' lang='lat' dir='ltr'><strong>homini</strong></span> <span class='ocrx_word' id='word_1_212' title='bbox 239 2757 402 2846; x_wconf 80' lang='lat' dir='ltr'><strong>propriam</strong></span> <span class='ocrx_word' id='word_1_213' title='bbox 413 2757 540 2832; x_wconf 79' lang='lat' dir='ltr'><strong>resistit</strong></span> <span class='ocrx_word' id='word_1_214' title='bbox 548 2758 622 2823; x_wconf 88' lang='lat' dir='ltr'><strong>fidei</strong></span> <span class='ocrx_word' id='word_1_215' title='bbox 636 2759 717 2836; x_wconf 87' lang='lat' dir='ltr'><strong>eius,</strong></span> <span class='ocrx_word' id='word_1_216' title='bbox 733 2759 857 2848; x_wconf 85' lang='lat' dir='ltr'><strong>quisue</strong></span> <span class='ocrx_word' id='word_1_217' title='bbox 873 2759 944 2845; x_wconf 86' lang='lat' dir='ltr'><strong>agit</strong></span> <span class='ocrx_word' id='word_1_218' title='bbox 957 2747 1098 2825; x_wconf 85' lang='lat' dir='ltr'><strong>arbitrio.</strong></span> <span class='ocrx_word' id='word_1_219' title='bbox 1124 2754 1239 2822; x_wconf 87' lang='lat' dir='ltr'><strong>Crea-</strong></span> 
     </span>
     <span class='ocr_line' id='line_1_25' title="bbox 49 2855 1242 2948; baseline 0.005 -31"><span class='ocrx_word' id='word_1_220' title='bbox 49 2855 141 2924; x_wconf 88' lang='lat' dir='ltr'><strong>turae</strong></span> <span class='ocrx_word' id='word_1_221' title='bbox 160 2865 271 2926; x_wconf 86' lang='lat' dir='ltr'><strong>autem</strong></span> <span class='ocrx_word' id='word_1_222' title='bbox 293 2883 410 2925; x_wconf 89' lang='lat' dir='ltr'><strong>nomen</strong></span> <span class='ocrx_word' id='word_1_223' title='bbox 430 2859 586 2926; x_wconf 87' lang='lat' dir='ltr'><strong>tribuitur</strong></span> <span class='ocrx_word' id='word_1_224' title='bbox 608 2861 868 2946; x_wconf 89' lang='lat' dir='ltr'><strong>cognominatum</strong></span> <span class='ocrx_word' id='word_1_225' title='bbox 889 2861 1083 2948; x_wconf 88' lang='lat' dir='ltr'><strong>operationi,</strong></span> <span class='ocrx_word' id='word_1_226' title='bbox 1104 2863 1143 2924; x_wconf 91' lang='lat' dir='ltr'><strong>ut</strong></span> <span class='ocrx_word' id='word_1_227' title='bbox 1158 2879 1242 2947; x_wconf 85' lang='lat' dir='ltr'><strong>quae</strong></span> 
     </span>
     <span class='ocr_line' id='line_1_26' title="bbox 49 2961 1240 3050; baseline 0.001 -27"><span class='ocrx_word' id='word_1_228' title='bbox 49 2977 111 3042; x_wconf 84' lang='lat' dir='ltr'><strong>opus</strong></span> <span class='ocrx_word' id='word_1_229' title='bbox 127 2963 168 3028; x_wconf 90' lang='lat' dir='ltr'><strong>sit</strong></span> <span class='ocrx_word' id='word_1_230' title='bbox 187 2965 352 3039; x_wconf 84' lang='lat' dir='ltr'><strong>nostrum3</strong></span> <span class='ocrx_word' id='word_1_231' title='bbox 375 2961 452 3026; x_wconf 90' lang='lat' dir='ltr'><strong>talis</strong></span> <span class='ocrx_word' id='word_1_232' title='bbox 472 2962 574 3047; x_wconf 81' lang='lat' dir='ltr'><strong>igitur</strong></span> <span class='ocrx_word' id='word_1_233' title='bbox 593 2963 737 3048; x_wconf 88' lang='lat' dir='ltr'><strong>operatio</strong></span> <span class='ocrx_word' id='word_1_234' title='bbox 764 2986 840 3028; x_wconf 92' lang='lat' dir='ltr'><strong>non</strong></span> <span class='ocrx_word' id='word_1_235' title='bbox 863 2964 1015 3050; x_wconf 90' lang='lat' dir='ltr'><strong>poterit</strong></span> <span class='ocrx_word' id='word_1_236' title='bbox 1036 2985 1105 3027; x_wconf 88' lang='lat' dir='ltr'><strong>nos</strong></span> <span class='ocrx_word' id='word_1_237' title='bbox 1130 2981 1240 3046; x_wconf 88' lang='lat' dir='ltr'><strong>sepa·-</strong></span> 
     </span>
     <span class='ocr_line' id='line_1_27' title="bbox 49 3062 1243 3158; baseline 0.003 -34"><span class='ocrx_word' id='word_1_238' title='bbox 49 3079 117 3128; x_wconf 86' lang='lat' dir='ltr'><strong>rare</strong></span> <span class='ocrx_word' id='word_1_239' title='bbox 137 3088 156 3128; x_wconf 87' lang='lat' dir='ltr'><strong>a</strong></span> <span class='ocrx_word' id='word_1_240' title='bbox 177 3065 355 3158; x_wconf 71' lang='lat' dir='ltr'><strong>caritate</strong></span> <span class='ocrx_word' id='word_1_241' title='bbox 377 3063 454 3143; x_wconf 92' lang='lat' dir='ltr'><strong>dei,</strong></span> <span class='ocrx_word' id='word_1_242' title='bbox 489 3087 587 3152; x_wconf 89' lang='lat' dir='ltr'><strong>quae</strong></span> <span class='ocrx_word' id='word_1_243' title='bbox 610 3067 672 3128; x_wconf 90' lang='lat' dir='ltr'><strong>est</strong></span> <span class='ocrx_word' id='word_1_244' title='bbox 698 3065 736 3128; x_wconf 91' lang='lat' dir='ltr'><strong>in</strong></span> <span class='ocrx_word' id='word_1_245' title='bbox 760 3062 925 3130; x_wconf 84' lang='lat' dir='ltr'><strong>Christo</strong></span> <span class='ocrx_word' id='word_1_246' title='bbox 953 3065 1050 3132; x_wconf 81' lang='lat' dir='ltr'><strong>Jcsu</strong></span> <span class='ocrx_word' id='word_1_247' title='bbox 1073 3063 1243 3128; x_wconf 85' lang='lat' dir='ltr'><strong>Domino</strong></span> 
     </span>
     <span class='ocr_line' id='line_1_28' title="bbox 48 3165 889 3252; baseline 0.008 -29"><span class='ocrx_word' id='word_1_248' title='bbox 48 3169 172 3236; x_wconf 87' lang='lat' dir='ltr'><strong>nostro.</strong></span> <span class='ocrx_word' id='word_1_249' title='bbox 215 3168 271 3232; x_wconf 82' lang='lat' dir='ltr'><strong>En</strong></span> <span class='ocrx_word' id='word_1_250' title='bbox 284 3165 382 3231; x_wconf 90' lang='lat' dir='ltr'><strong>habes</strong></span> <span class='ocrx_word' id='word_1_251' title='bbox 399 3187 555 3230; x_wconf 88' lang='lat' dir='ltr'><strong>summam</strong></span> <span class='ocrx_word' id='word_1_252' title='bbox 570 3166 723 3252; x_wconf 87' lang='lat' dir='ltr'><strong>martyris</strong></span> <span class='ocrx_word' id='word_1_253' title='bbox 738 3167 889 3251; x_wconf 83' lang='lat' dir='ltr'><strong>gnostici.</strong></span> 
     </span>
    </p>

    <p class='ocr_par' dir='ltr' id='par_1_9' title="bbox 46 3267 1243 4690">
     <span class='ocr_line' id='line_1_29' title="bbox 97 3267 1241 3356; baseline -0.001 -23"><span class='ocrx_word' id='word_1_254' title='bbox 97 3267 245 3350; x_wconf 85' lang='lat' dir='ltr'><strong>Scimus</strong></span> <span class='ocrx_word' id='word_1_255' title='bbox 273 3271 423 3352; x_wconf 83' lang='lat' dir='ltr'><strong>autem,</strong></span> <span class='ocrx_word' id='word_1_256' title='bbox 457 3269 560 3356; x_wconf 89' lang='lat' dir='ltr'><strong>quod</strong></span> <span class='ocrx_word' id='word_1_257' title='bbox 591 3291 723 3335; x_wconf 90' lang='lat' dir='ltr'><strong>omnes</strong></span> <span class='ocrx_word' id='word_1_258' title='bbox 757 3267 940 3333; x_wconf 90' lang='lat' dir='ltr'><strong>habemus</strong></span> <span class='ocrx_word' id='word_1_259' title='bbox 973 3268 1241 3354; x_wconf 86' lang='lat' dir='ltr'><strong>cognitionem</strong></span> 
     </span>
     <span class='ocr_line' id='line_1_30' title="bbox 48 3371 1239 3457; baseline 0.002 -25"><span class='ocrx_word' id='word_1_260' title='bbox 48 3373 238 3453; x_wconf 77' lang='lat' dir='ltr'><strong>communem,</strong></span> <span class='ocrx_word' id='word_1_261' title='bbox 252 3395 334 3457; x_wconf 88' lang='lat' dir='ltr'><strong>quae</strong></span> <span class='ocrx_word' id='word_1_262' title='bbox 342 3372 375 3436; x_wconf 92' lang='lat' dir='ltr'><strong>in</strong></span> <span class='ocrx_word' id='word_1_263' title='bbox 385 3371 606 3436; x_wconf 88' lang='lat' dir='ltr'><strong>communibus</strong></span> <span class='ocrx_word' id='word_1_264' title='bbox 619 3371 770 3448; x_wconf 88' lang='lat' dir='ltr'><strong>cernitur,</strong></span> <span class='ocrx_word' id='word_1_265' title='bbox 783 3375 817 3436; x_wconf 93' lang='lat' dir='ltr'><strong>et</strong></span> <span class='ocrx_word' id='word_1_266' title='bbox 827 3371 926 3448; x_wconf 82' lang='lat' dir='ltr'><strong>illam,</strong></span> <span class='ocrx_word' id='word_1_267' title='bbox 938 3395 1038 3436; x_wconf 90' lang='lat' dir='ltr'><strong>unum</strong></span> <span class='ocrx_word' id='word_1_268' title='bbox 1051 3393 1122 3436; x_wconf 90' lang='lat' dir='ltr'><strong>esse</strong></span> <span class='ocrx_word' id='word_1_269' title='bbox 1134 3371 1239 3434; x_wconf 89' lang='lat' dir='ltr'><strong>deum.</strong></span> 
     </span>
     <span class='ocr_line' id='line_1_31' title="bbox 49 3460 1240 3562; baseline 0.002 -28"><span class='ocrx_word' id='word_1_270' title='bbox 49 3465 169 3559; x_wconf 84' lang='lat' dir='ltr'><strong>Scripsit</strong></span> <span class='ocrx_word' id='word_1_271' title='bbox 183 3478 293 3540; x_wconf 86' lang='lat' dir='ltr'><strong>autem</strong></span> <span class='ocrx_word' id='word_1_272' title='bbox 307 3474 489 3562; x_wconf 88' lang='lat' dir='ltr'><strong>Apostolus</strong></span> <span class='ocrx_word' id='word_1_273' title='bbox 510 3474 552 3538; x_wconf 89' lang='lat' dir='ltr'><strong>ad</strong></span> <span class='ocrx_word' id='word_1_274' title='bbox 570 3474 702 3550; x_wconf 76' lang='lat' dir='ltr'><strong>fideles‚=</strong></span> <span class='ocrx_word' id='word_1_275' title='bbox 713 3473 918 3559; x_wconf 86' lang='lat' dir='ltr'><strong>quamobrem</strong></span> <span class='ocrx_word' id='word_1_276' title='bbox 942 3460 1069 3538; x_wconf 89' lang='lat' dir='ltr'><strong>adiicit:</strong></span> <span class='ocrx_word' id='word_1_277' title='bbox 1094 3473 1158 3540; x_wconf 85' lang='lat' dir='ltr'><strong>Sed</strong></span> <span class='ocrx_word' id='word_1_278' title='bbox 1176 3495 1240 3538; x_wconf 91' lang='lat' dir='ltr'><strong>uon</strong></span> 
     </span>
     <span class='ocr_line' id='line_1_32' title="bbox 48 3573 1239 3664; baseline 0.007 -34"><span class='ocrx_word' id='word_1_279' title='bbox 48 3573 129 3640; x_wconf 88' lang='lat' dir='ltr'><strong>estin</strong></span> <span class='ocrx_word' id='word_1_280' title='bbox 142 3577 290 3642; x_wconf 82' lang='lat' dir='ltr'><strong>omuibus</strong></span> <span class='ocrx_word' id='word_1_281' title='bbox 312 3575 469 3661; x_wconf 85' lang='lat' dir='ltr'><strong>cognitio,</strong></span> <span class='ocrx_word' id='word_1_282' title='bbox 496 3597 579 3661; x_wconf 89' lang='lat' dir='ltr'><strong>quae</strong></span> <span class='ocrx_word' id='word_1_283' title='bbox 599 3576 739 3642; x_wconf 87' lang='lat' dir='ltr'><strong>traditur</strong></span> <span class='ocrx_word' id='word_1_284' title='bbox 758 3576 792 3641; x_wconf 92' lang='lat' dir='ltr'><strong>in</strong></span> <span class='ocrx_word' id='word_1_285' title='bbox 811 3577 934 3664; x_wconf 89' lang='lat' dir='ltr'><strong>paucis.</strong></span> <span class='ocrx_word' id='word_1_286' title='bbox 978 3575 1074 3642; x_wconf 87' lang='lat' dir='ltr'><strong>Hanc</strong></span> <span class='ocrx_word' id='word_1_287' title='bbox 1100 3575 1239 3660; x_wconf 90' lang='lat' dir='ltr'><strong>quidem,</strong></span> 
     </span>
     <span class='ocr_line' id='line_1_33' title="bbox 48 3676 1240 3766; baseline 0.004 -30"><span class='ocrx_word' id='word_1_288' title='bbox 48 3691 113 3754; x_wconf 85' lang='lat' dir='ltr'><strong>quae</strong></span> <span class='ocrx_word' id='word_1_289' title='bbox 126 3676 159 3742; x_wconf 87' lang='lat' dir='ltr'><strong>in</strong></span> <span class='ocrx_word' id='word_1_290' title='bbox 173 3679 285 3766; x_wconf 88' lang='lat' dir='ltr'><strong>paucis</strong></span> <span class='ocrx_word' id='word_1_291' title='bbox 301 3681 368 3755; x_wconf 89' lang='lat' dir='ltr'><strong>est,</strong></span> <span class='ocrx_word' id='word_1_292' title='bbox 389 3677 611 3762; x_wconf 84' lang='lat' dir='ltr'><strong>cognitionem</strong></span> <span class='ocrx_word' id='word_1_293' title='bbox 631 3681 718 3744; x_wconf 91' lang='lat' dir='ltr'><strong>recte</strong></span> <span class='ocrx_word' id='word_1_294' title='bbox 740 3683 869 3766; x_wconf 88' lang='lat' dir='ltr'><strong>oportet</strong></span> <span class='ocrx_word' id='word_1_295' title='bbox 886 3679 1116 3764; x_wconf 84' lang='lat' dir='ltr'><strong>intelligamus.</strong></span> <span class='ocrx_word' id='word_1_296' title='bbox 1160 3677 1240 3742; x_wconf 89' lang='lat' dir='ltr'><strong>Per-</strong></span> 
     </span>
     <span class='ocr_line' id='line_1_34' title="bbox 48 3772 1241 3866; baseline 0.003 -28"><span class='ocrx_word' id='word_1_297' title='bbox 48 3772 115 3842; x_wconf 84' lang='lat' dir='ltr'><strong>tinet</strong></span> <span class='ocrx_word' id='word_1_298' title='bbox 128 3780 210 3844; x_wconf 91' lang='lat' dir='ltr'><strong>euim</strong></span> <span class='ocrx_word' id='word_1_299' title='bbox 226 3781 268 3846; x_wconf 90' lang='lat' dir='ltr'><strong>ad</strong></span> <span class='ocrx_word' id='word_1_300' title='bbox 283 3801 394 3844; x_wconf 85' lang='lat' dir='ltr'><strong>eorum</strong></span> <span class='ocrx_word' id='word_1_301' title='bbox 414 3780 661 3856; x_wconf 89' lang='lat' dir='ltr'><strong>continentiam,</strong></span> <span class='ocrx_word' id='word_1_302' title='bbox 687 3803 883 3866; x_wconf 81' lang='lat' dir='ltr'><strong>quosquam</strong></span> <span class='ocrx_word' id='word_1_303' title='bbox 905 3804 1030 3845; x_wconf 91' lang='lat' dir='ltr'><strong>summa</strong></span> <span class='ocrx_word' id='word_1_304' title='bbox 1050 3782 1096 3846; x_wconf 93' lang='lat' dir='ltr'><strong>eis</strong></span> <span class='ocrx_word' id='word_1_305' title='bbox 1117 3779 1241 3844; x_wconf 87' lang='lat' dir='ltr'><strong>credita</strong></span> 
     </span>
     <span class='ocr_line' id='line_1_35' title="bbox 48 3875 1240 3969; baseline 0.003 -27"><span class='ocrx_word' id='word_1_306' title='bbox 48 3875 82 3942; x_wconf 79' lang='lat' dir='ltr'><strong>sit</strong></span> <span class='ocrx_word' id='word_1_307' title='bbox 94 3879 299 3968; x_wconf 88' lang='lat' dir='ltr'><strong>dispensatio,</strong></span> <span class='ocrx_word' id='word_1_308' title='bbox 315 3904 431 3968; x_wconf 89' lang='lat' dir='ltr'><strong>purum</strong></span> <span class='ocrx_word' id='word_1_309' title='bbox 448 3882 541 3948; x_wconf 89' lang='lat' dir='ltr'><strong>decet</strong></span> <span class='ocrx_word' id='word_1_310' title='bbox 554 3886 588 3948; x_wconf 90' lang='lat' dir='ltr'><strong>et</strong></span> <span class='ocrx_word' id='word_1_311' title='bbox 599 3883 687 3948; x_wconf 89' lang='lat' dir='ltr'><strong>nulla</strong></span> <span class='ocrx_word' id='word_1_312' title='bbox 701 3881 773 3946; x_wconf 89' lang='lat' dir='ltr'><strong>labe</strong></span> <span class='ocrx_word' id='word_1_313' title='bbox 787 3881 946 3969; x_wconf 90' lang='lat' dir='ltr'><strong>pollutum</strong></span> <span class='ocrx_word' id='word_1_314' title='bbox 962 3884 1116 3968; x_wconf 90' lang='lat' dir='ltr'><strong>praebere</strong></span> <span class='ocrx_word' id='word_1_315' title='bbox 1132 3904 1240 3947; x_wconf 80' lang='lat' dir='ltr'><strong>exem-</strong></span> 
     </span>
     <span class='ocr_line' id='line_1_36' title="bbox 47 3977 1241 4072; baseline 0.006 -31"><span class='ocrx_word' id='word_1_316' title='bbox 47 3977 104 4059; x_wconf 88' lang='lat' dir='ltr'><strong>plar</strong></span> <span class='ocrx_word' id='word_1_317' title='bbox 117 3984 323 4050; x_wconf 79' lang='lat' dir='ltr'><strong>discentibus.</strong></span> <span class='ocrx_word' id='word_1_318' title='bbox 371 3983 436 4065; x_wconf 77' lang='lat' dir='ltr'><strong>Qui</strong></span> <span class='ocrx_word' id='word_1_319' title='bbox 452 3984 535 4049; x_wconf 90' lang='lat' dir='ltr'><strong>enim</strong></span> <span class='ocrx_word' id='word_1_320' title='bbox 551 3986 713 4072; x_wconf 89' lang='lat' dir='ltr'><strong>perlectus</strong></span> <span class='ocrx_word' id='word_1_321' title='bbox 729 3989 790 4061; x_wconf 77' lang='lat' dir='ltr'><strong>est,</strong></span> <span class='ocrx_word' id='word_1_322' title='bbox 807 3984 905 4048; x_wconf 89' lang='lat' dir='ltr'><strong>habet</strong></span> <span class='ocrx_word' id='word_1_323' title='bbox 921 3984 1080 4070; x_wconf 89' lang='lat' dir='ltr'><strong>duplicem</strong></span> <span class='ocrx_word' id='word_1_324' title='bbox 1095 3983 1241 4048; x_wconf 90' lang='lat' dir='ltr'><strong>iustitiae</strong></span> 
     </span>
     <span class='ocr_line' id='line_1_37' title="bbox 46 4073 1243 4173; baseline 0.005 -29"><span class='ocrx_word' id='word_1_325' title='bbox 46 4073 180 4162; x_wconf 76' lang='lat' dir='ltr'><strong>fructum,</strong></span> <span class='ocrx_word' id='word_1_326' title='bbox 197 4087 252 4172; x_wconf 92' lang='lat' dir='ltr'><strong>qui</strong></span> <span class='ocrx_word' id='word_1_327' title='bbox 266 4109 364 4171; x_wconf 92' lang='lat' dir='ltr'><strong>quum</strong></span> <span class='ocrx_word' id='word_1_328' title='bbox 376 4085 503 4152; x_wconf 87' lang='lat' dir='ltr'><strong>actione</strong></span> <span class='ocrx_word' id='word_1_329' title='bbox 513 4089 583 4152; x_wconf 88' lang='lat' dir='ltr'><strong>tum</strong></span> <span class='ocrx_word' id='word_1_330' title='bbox 594 4087 864 4173; x_wconf 84' lang='lat' dir='ltr'><strong>contemplatione</strong></span> <span class='ocrx_word' id='word_1_331' title='bbox 875 4087 1063 4173; x_wconf 90' lang='lat' dir='ltr'><strong>completur.</strong></span> <span class='ocrx_word' id='word_1_332' title='bbox 1093 4086 1243 4170; x_wconf 78' lang='lat' dir='ltr'><strong>Uterque</strong></span> 
     </span>
     <span class='ocr_line' id='line_1_38' title="bbox 47 4185 1240 4276; baseline 0.007 -33"><span class='ocrx_word' id='word_1_333' title='bbox 47 4185 139 4248; x_wconf 67' lang='lat' dir='ltr'><strong>summ</strong></span> <span class='ocrx_word' id='word_1_334' title='bbox 163 4187 211 4252; x_wconf 91' lang='lat' dir='ltr'><strong>ita</strong></span> <span class='ocrx_word' id='word_1_335' title='bbox 236 4188 443 4254; x_wconf 87' lang='lat' dir='ltr'><strong>describitur:</strong></span> <span class='ocrx_word' id='word_1_336' title='bbox 472 4187 705 4254; x_wconf 89' lang='lat' dir='ltr'><strong>Benedicite</strong></span> <span class='ocrx_word' id='word_1_337' title='bbox 732 4190 805 4264; x_wconf 88' lang='lat' dir='ltr'><strong>eis,</strong></span> <span class='ocrx_word' id='word_1_338' title='bbox 822 4189 899 4274; x_wconf 70' lang='lat' dir='ltr'><strong>uui</strong></span> <span class='ocrx_word' id='word_1_339' title='bbox 930 4191 1240 4276; x_wconf 90' lang='lat' dir='ltr'><strong>persequuntur,</strong></span> 
     </span>
     <span class='ocr_line' id='line_1_39' title="bbox 47 4276 1241 4380; baseline 0.007 -34"><span class='ocrx_word' id='word_1_340' title='bbox 47 4276 255 4354; x_wconf 86' lang='lat' dir='ltr'><strong>benedicite</strong></span> <span class='ocrx_word' id='word_1_341' title='bbox 282 4294 322 4356; x_wconf 91' lang='lat' dir='ltr'><strong>et</strong></span> <span class='ocrx_word' id='word_1_342' title='bbox 339 4284 476 4356; x_wconf 74' lang='lat' dir='ltr'><strong>‚nolite</strong></span> <span class='ocrx_word' id='word_1_343' title='bbox 498 4290 715 4356; x_wconf 78' lang='lat' dir='ltr'><strong>exsecrari!</strong></span> <span class='ocrx_word' id='word_1_344' title='bbox 750 4288 954 4380; x_wconf 76' lang='lat' dir='ltr'><strong>Gloriatio</strong></span> <span class='ocrx_word' id='word_1_345' title='bbox 976 4291 1078 4356; x_wconf 84' lang='lat' dir='ltr'><strong>enim</strong></span> <span class='ocrx_word' id='word_1_346' title='bbox 1100 4294 1241 4356; x_wconf 90' lang='lat' dir='ltr'><strong>nostra</strong></span> 
     </span>
     <span class='ocr_line' id='line_1_40' title="bbox 47 4377 1243 4480; baseline 0.01 -34"><span class='ocrx_word' id='word_1_347' title='bbox 47 4377 129 4451; x_wconf 87' lang='lat' dir='ltr'><strong>baso</strong></span> <span class='ocrx_word' id='word_1_348' title='bbox 155 4394 231 4456; x_wconf 89' lang='lat' dir='ltr'><strong>est:</strong></span> <span class='ocrx_word' id='word_1_349' title='bbox 264 4391 538 4458; x_wconf 86' lang='lat' dir='ltr'><strong>testimonium</strong></span> <span class='ocrx_word' id='word_1_350' title='bbox 566 4393 841 4460; x_wconf 80' lang='lat' dir='ltr'><strong>conscientiae</strong></span> <span class='ocrx_word' id='word_1_351' title='bbox 867 4395 1043 4471; x_wconf 89' lang='lat' dir='ltr'><strong>nostrae,</strong></span> <span class='ocrx_word' id='word_1_352' title='bbox 1072 4394 1174 4478; x_wconf 92' lang='lat' dir='ltr'><strong>quod</strong></span> <span class='ocrx_word' id='word_1_353' title='bbox 1201 4393 1243 4480; x_wconf 79' lang='lat' dir='ltr'><strong>in</strong></span> 
     </span>
     <span class='ocr_line' id='line_1_41' title="bbox 49 4492 1242 4582; baseline 0.008 -31"><span class='ocrx_word' id='word_1_354' title='bbox 49 4492 257 4559; x_wconf 76' lang='lat' dir='ltr'><strong>sanctitate</strong></span> <span class='ocrx_word' id='word_1_355' title='bbox 285 4495 324 4564; x_wconf 78' lang='lat' dir='ltr'><strong>et</strong></span> <span class='ocrx_word' id='word_1_356' title='bbox 352 4493 591 4560; x_wconf 88' lang='lat' dir='ltr'><strong>sinceritate</strong></span> <span class='ocrx_word' id='word_1_357' title='bbox 619 4494 730 4560; x_wconf 88' lang='lat' dir='ltr'><strong>deum</strong></span> <span class='ocrx_word' id='word_1_358' title='bbox 757 4495 1027 4580; x_wconf 83' lang='lat' dir='ltr'><strong>cognovimus3</strong></span> <span class='ocrx_word' id='word_1_359' title='bbox 1060 4495 1121 4561; x_wconf 89' lang='lat' dir='ltr'><strong>hac</strong></span> <span class='ocrx_word' id='word_1_360' title='bbox 1138 4517 1242 4582; x_wconf 89' lang='lat' dir='ltr'><strong>parva</strong></span> 
     </span>
     <span class='ocr_line' id='line_1_42' title="bbox 49 4589 1242 4690; baseline 0.007 -36"><span class='ocrx_word' id='word_1_361' title='bbox 49 4589 199 4662; x_wconf 73' lang='lat' dir='ltr'><strong>suasione</strong></span> <span class='ocrx_word' id='word_1_362' title='bbox 223 4617 306 4684; x_wconf 87' lang='lat' dir='ltr'><strong>opus</strong></span> <span class='ocrx_word' id='word_1_363' title='bbox 331 4597 543 4674; x_wconf 84' lang='lat' dir='ltr'><strong>ostendentes</strong></span> <span class='ocrx_word' id='word_1_364' title='bbox 562 4595 726 4674; x_wconf 85' lang='lat' dir='ltr'><strong>caritatis,</strong></span> <span class='ocrx_word' id='word_1_365' title='bbox 756 4597 942 4690; x_wconf 77' lang='lat' dir='ltr'><strong>quodnam</strong></span> <span class='ocrx_word' id='word_1_366' title='bbox 973 4597 1013 4664; x_wconf 91' lang='lat' dir='ltr'><strong>in</strong></span> <span class='ocrx_word' id='word_1_367' title='bbox 1041 4597 1242 4686; x_wconf 84' lang='lat' dir='ltr'><strong>sapientia</strong></span> 
     </span>
    </p>
   </div>
   <div class='ocr_carea' id='block_1_8' title="bbox 0 0 1420 5054">
    <p class='ocr_par' dir='ltr' id='par_1_10' title="bbox 0 0 1420 5054">
     <span class='ocr_line' id='line_1_43' title="bbox 0 0 1420 5054; baseline 0 0"><span class='ocrx_word' id='word_1_368' title='bbox 0 0 1420 5054; x_wconf 95' lang='lat' dir='ltr'><strong> </strong></span> 
     </span>
    </p>
   </div>
  </div>
 </body>
</html>
