2972 5048
686 349 728 414 47

91 565 145 612 raa
161 543 199 608 in
221 539 329 617 coelo,
359 535 477 606 sedin
501 539 605 614 terra,
638 534 737 620 idque
760 535 795 600 in
816 529 918 602 Creta
924 577 933 613 ,
961 528 1018 601 ubi
1034 533 1184 624 sepultus
1208 523 1308 621 esu).

89 645 230 730 Quanto
241 639 392 710 meliores
407 637 582 728 Aegyptii,
600 659 697 724 quarn
712 633 847 704 Graecil
869 637 975 703 Bruta
989 637 1074 704 enim
1089 637 1240 704 animalia
1252 661 1309 706 ve-

87 747 261 829 nerantur,
277 741 499 832 querentem,
513 740 683 819 adulterio,
694 737 880 807 libidinibus
891 737 1012 806 illicitis
1024 762 1088 806 non
1101 743 1178 807 sunt
1189 740 1309 808 dedita.

90 849 205 917 Nolite
231 850 361 925 autem,
391 843 527 921 Graeci,
556 841 742 931 Aegyptios
761 839 902 909 ludibrio
921 841 1059 922 babere,
1094 844 1182 930 quod
1196 843 1310 910 beluas

98 953 213 1031 colant,
241 972 344 1036 quum
359 969 416 1015 vos
430 947 516 1012 idem
530 944 669 1024 faciatis,
690 967 728 1012 eo
742 947 852 1011 tamen
866 945 1061 1026 discrimine,
1090 950 1130 1014 ut
1143 950 1312 1035 praeterea

94 1055 195 1124 ctiam
208 1047 503 1140 intemperantibus
517 1047 582 1113 illis
598 1045 795 1132 serviatis2).

155 1155 210 1222 At
224 1175 313 1231 vero,
328 1152 392 1220 nisi
406 1151 451 1218 dii
467 1153 555 1228 sunt,
570 1171 651 1235 quos
667 1150 871 1229 veneremini,
887 1149 1055 1217 daemonia
1069 1153 1156 1218 certe
1169 1150 1312 1220 babean-

91 1263 149 1328 tur
162 1259 310 1347 oportet,
328 1276 414 1342 quae
428 1251 604 1322 secundum
618 1251 761 1320 ordinem
776 1253 904 1320 tenenti
941 1252 978 1320 Si
1005 1253 1173 1320 daemonia
1191 1253 1313 1322 intelli-

91 1361 175 1450 gitis
197 1359 346 1426 homines
372 1355 468 1443 gulae
493 1353 621 1422 deditos
646 1353 698 1421 vel
717 1355 910 1445 impuritati,
930 1353 991 1422 boo
1009 1353 1181 1442 largimur,
1209 1379 1313 1444 neque

92 1461 259 1532 eiusmodi
270 1457 347 1528 deos
362 1457 397 1524 in
412 1457 528 1544 quaeis
541 1455 621 1522 urbe
632 1457 753 1524 multos
771 1457 906 1545 reperiri
924 1457 1145 1526 infitiabimur.
1188 1459 1228 1526 In
1242 1459 1314 1525 He-

98 1564 181 1631 siodi
212 1564 326 1628 austra
350 1560 446 1627 illud:
469 1557 639 1625 daemonia
663 1579 751 1638 csse,
781 1581 917 1649 quorum
941 1561 1065 1628 tutelae
1083 1561 1228 1628 homines
1249 1561 1316 1628 sint

97 1663 329 1742 commendati,
340 1661 542 1751 proverbium
554 1661 707 1748 quadrat:
720 1665 819 1749 πατὴρ
828 1663 1316 1750 dvoubirrpcoccaibavoobsreii);

96 1769 144 1838 Hi
163 1766 317 1856 proiecto
336 1787 401 1832 non
415 1765 569 1830 tutantur
580 1762 738 1842 homines,
762 1764 817 1850 qui
832 1763 1005 1831 conrndem
1021 1765 1112 1832 clade
1132 1767 1167 1832 et
1186 1765 1317 1830 miseria

99 1869 224 1938 erudeli
236 1867 404 1950 bominum
418 1863 685 1934 immolandorum
700 1867 765 1932 i.·e.
780 1867 1073 1935 interficiendorum
1084 1869 1318 1936 consuetudine
1407 1857 1412 1868 ⁸

102 1973 226 2059 ubique
238 1971 381 2058 vigente,
396 1968 642 2055 delectantur).
685 1969 866 2056 Fugiamus
881 1991 959 2056 ergo
974 1993 1039 2037 non
1058 1971 1183 2039 bestias
1200 1970 1315 2048 solum,

106 2097 214 2142 verum
227 2073 332 2140 multo
347 2071 446 2138 ctiam
461 2070 565 2158 magis
580 2071 660 2138 baec
679 2071 863 2149 daemonia,
888 2071 1071 2138 hominibus
1093 2073 1202 2161 pravis
1222 2072 1317 2138 inhus

14 2229 18 2240 .
103 2178 308 2264 muniora⁵).¹
337 2173 409 2240 Imo
435 2173 463 2238 ai
483 2171 635 2238 vellent
659 2171 827 2240 daemonia
853 2176 919 2242 ista
938 2175 1039 2240 tutari
1061 2175 1217 2262 aliquem,
1239 2197 1317 2241 non

100 2281 284 2368 possent.
320 2274 405 2342 Nam
420 2273 497 2360 quid
512 2277 702 2342 eventurum
724 2275 769 2340 sit
788 2273 949 2360 cuiquam,
964 2275 1127 2363 ignorant.
1157 2277 1208 2344 Ut
1221 2277 1319 2356 enim,

99 2380 240 2448 historia
254 2379 352 2458 teste,
369 2375 478 2466 Cyrus
493 2375 646 2465 Apolline
660 2375 879 2446 misericordia
893 2378 1005 2458 maier,
1024 2379 1076 2481 sic
1089 2379 1320 2473 vaticinatione
1439 2410 1443 2418 ·

102 2483 237 2654 80losiid
251 2583 386 2650 ventum
400 2581 452 2646 est
472 2578 513 2645 ad
528 2581 667 2648 statuas.
712 2553 953 2671 superstitione
971 2525 1091 2662 nata,¹
1103 2581 1190 2669 quod
1200 2582 1238 2648 in
1251 2581 1321 2648 dies

101 2685 334 2766 crescebat,
363 2681 411 2748 nil
434 2681 561 2749 mirum.
604 2683 740 2772 Templa
764 2685 881 2772 igitur,
914 2688 1114 2754 mortuorum
1142 2683 1322 2774 sepulchra,

102 2789 280 2858 aedificata
294 2788 382 2864 sunt,
396 2789 438 2851 ut
449 2807 509 2852 vos
522 2786 642 2852 mortui
658 2787 836 2875 sepulchris
851 2798 886 2854 et
899 2789 1036 2855 mortuis
1053 2787 1213 2854 serviatis.
1246 2783 1322 2854 Sta·

101 2897 181 2960 tuse
208 2910 308 2978 porro
328 2886 466 2976 positae.
510 2885 600 2969 Quid
619 2895 694 2954 vero
721 2891 870 2960 statuae?
914 2891 1026 2979 Opera
1053 2889 1218 2956 bominum
1242 2887 1323 2954 nibil
1430 2913 1435 2930 =

104 2992 295 3069 sentientia,
309 2989 444 3078 lapides,
459 2989 559 3077 ligna,
580 2990 745 3075 quaelibet
763 2991 908 3058 materia.
952 2991 1032 3058 Noti
1053 2995 1131 3057 sunt
1144 2989 1323 3078 opifices‘).

106 3097 155 3164 Ut
170 3092 372 3183 rapientium
383 3093 561 3176 auctoritas
576 3092 748 3179 (Sibyllae,
759 3092 949 3174 Heracliti),
970 3091 1019 3160 aie
1031 3091 1116 3158 ratio
1129 3095 1242 3158 nostra
1254 3094 1326 3156 sta·

111 3201 180 3264 tusa
197 3193 334 3262 refutat
377 3192 573 3273 simulacra,
593 3194 715 3282 quippe
730 3217 845 3264 sensas
866 3194 1029 3282 expertia,
1058 3193 1216 3261 vilissima
1229 3193 1347 3270 belua,

111 3300 235 3380 viliora,
260 3290 350 3382 'quoe
367 3294 533 3383 despicere
555 3295 598 3362 ab
622 3295 736 3364 avibus
757 3295 800 3362 ad
820 3297 1076 3384 coinquinando
1095 3294 1325 3364 advolantibus

107 3397 243 3467 discitel
269 3395 399 3464 Discite
429 3397 470 3462 ab
493 3397 585 3484 igne,
611 3420 693 3484 quae
712 3399 824 3466 eadem
845 3398 989 3468 absumit
1007 3400 1190 3490 impunel⁷)
1235 3397 1326 3481 Quid

107 3503 214 3590 igitar
229 3501 380 3578 statuae?
422 3496 567 3587 Opiliees
588 3501 764 3570 amicarum
783 3495 1053 3589 pulcbrorumque
1072 3503 1224 3569 iuvenum
1243 3501 1325 3566 ima-

108 3603 222 3692 ginem
234 3600 286 3668 bis
298 3601 500 3693 imprimunt,
515 3605 555 3669 ut
567 3603 763 3690 meretrices,
779 3603 970 3672 libidinosos
984 3605 1204 3672 adolescentes
1219 3603 1327 3692 possis

109 3703 270 3773 venerari.
293 3702 395 3772 Unde
403 3702 526 3772 lactum
539 3709 603 3786 est,
618 3711 658 3774 ut
670 3727 746 3774 mox
755 3729 838 3776 uxor
848 3709 1000 3776 maritum
1011 3707 1189 3806 appellaret
1198 3706 1326 3784 «iovem,

109 3807 279 3878 Jnnonem
290 3805 427 3875 maritus
440 3810 622 3897 uxorem).

112 3961 318 3978 ω

171 4045 195 4119 ¹)
212 4063 237 4112 p.
250 4045 292 4101 d‘l.

170 4133 197 4203 ¹)
214 4149 239 4199 p.
250 4133 364 4188 cr-ar.

173 4217 198 4288 ὃ)
215 4235 241 4284 p.
253 4217 295 4273 35.

174 4302 199 4373 ⁴)
214 4301 238 4368 p]
252 4299 366 4359 :lt-ti.

174 4385 198 4456 ¹)
215 4403 239 4452 p.
251 4387 296 4441 ³8.

132 4539 136 4554 1
177 4471 201 4540 ⁸)
218 4472 368 4537 pas-4³.

177 4555 202 4626 ¹)
218 4572 245 4621 p.
257 4557 368 4612 sr-u.

179 4639 203 4708 ⁸)
220 4656 245 4706 u.
256 4639 367 4698 ll-td
