2820 5052
648 292 716 362 ne
751 267 752 279 '

66 483 126 547 imo
140 481 238 548 ouius
255 480 366 570 pretio
380 479 461 548 nibil
471 502 606 571 prorsus
617 481 811 570 respondet,
837 479 970 596 propter
988 478 1150 568 insignem
1169 479 1293 564 saneti·

65 585 163 650 tatem
194 587 252 650 est
280 587 516 652 onnseoratum.
559 584 644 652 Illud
670 588 779 652 autam
804 581 915 669 magni
935 581 1033 668 pretii
1057 581 1204 648 animans
1230 580 1293 648 erit

65 685 248 782 gnosticos,
265 707 289 753 a
305 687 366 754 deo
379 687 603 765 honoratus,
592 711 628 754 ιιι
643 711 706 779 quo
720 689 800 756 deus
816 689 869 752 est
888 682 1109 762 oolloentus,
1099 705 1121 748 1.
1136 705 1166 750 e.
1178 682 1214 748 iu
1228 707 1293 769 quo

64 777 258 855 oonseorata
273 791 330 856 est
344 781 395 855 dei
411 789 564 877 cognitio
591 788 658 856 Hie
671 789 837 859 divinam
827 787 1027 854 inveniemus
1042 785 1181 872 effigiem
1198 807 1292 852 sano

65 893 219 1006 tamque
208 893 393 980 maginem
414 893 449 961 in
464 892 571 958 anima
589 893 688 960 iusta.
731 891 797 958 Hie
815 892 869 956 est
885 892 921 956 et
939 889 1082 963 noudum
1097 887 1290 956 collocatum

69 995 115 1060 ιι
105 995 176 1061 rain
189 993 404 1062 oollooetum.
448 995 532 1061 Nam
546 995 703 1086 quidquid
715 997 768 1061 est
782 992 991 1070 crediturum,
1006 991 1064 1061 id
1054 1015 1120 1058 ram
1134 995 1290 1078 tanquam

68 1095 149 1162 fidele
165 1101 203 1162 st
219 1097 288 1164 deo
303 1096 446 1186 positum
465 1097 502 1164 in
515 1098 638 1166 honore
651 1097 868 1175 simulacrum,
883 1092 1006 1161 virtute
1020 1095 1214 1182 praeditum,
1228 1095 1290 1192 deo

65 1202 109 1265 est
122 1198 333 1267 dedioatum.
370 1239 377 1248 ·

118 1299 159 1366 Iu
175 1301 285 1369 deum
299 1302 412 1390 igitur,
426 1321 532 1392 neque
542 1303 613 1370 loeo
622 1300 902 1390 oirenmseriptum
913 1319 1017 1383 neque
1027 1293 1176 1366 animalis
1187 1299 1290 1367 forma

63 1407 266 1484 concretum,
288 1405 396 1472 nullae
412 1427 539 1494 quoque
558 1403 680 1472 cedunt
699 1403 909 1492 cupiditates.
953 1399 1163 1490 Quapropter
1182 1401 1290 1473 eibum

64 1506 89 1570 ei
101 1505 281 1594 praebere,
306 1507 444 1573 stultum
464 1511 526 1573 est.
571 1508 638 1575 Sed
654 1499 708 1572 'dii
733 1506 835 1573 vestri
861 1504 940 1572 snut
963 1503 1093 1593 quidem
1121 1505 1290 1576 eiusmodi.

62 1606 139 1675 Nam
172 1611 271 1676 inter
304 1611 394 1700 ipsos
429 1612 465 1676 et
498 1609 643 1678 homines
668 1610 760 1678 litem
791 1607 868 1676 oriri
896 1627 1127 1693 nonuunquam
1154 1611 1290 1677 narrant

63 1713 174 1796 postne
187 1713 236 1778 de
250 1713 385 1802 optimis
399 1712 629 1782 snorifieiorum
643 1713 769 1783 frustis.
799 1711 865 1779 Sed
881 1709 909 1776 si
924 1707 1017 1777 nidor
1031 1731 1143 1776 revera
1157 1709 1290 1776 deorum

64 1809 270 1882 Graecorum
295 1837 414 1880 munus
435 1817 501 1880 est:
528 1838 588 1882 our
602 1839 667 1882 non
687 1836 807 1901 ooquos
828 1835 957 1902 quoque
984 1813 1019 1880 in
1043 1813 1121 1878 deos
1145 1811 1291 1881 referunt

60 1916 158 2002 prius,
171 1941 232 2010 qur
222 1917 370 2006 aequnh
380 1917 557 2003 dignentur
566 1917 787 1984 beatitudme
803 1916 854 1982 At
862 1937 938 1982 vero
948 1915 1028 1982 dens
1040 1916 1139 1982 alitur
1149 1913 1289 1982 fortasse

65 2018 128 2085 sine
143 2019 363 2110 appetitione.
406 2019 471 2086 Est
485 2019 588 2105 igitur
608 2013 793 2109 plentsrum
817 2019 931 2086 similis
952 2021 987 2086 ot
1007 2018 1187 2086 bestiarum
1208 2041 1288 2103 qua-

63 2121 225 2188 rundam'
214 2147 253 2188 ιιι
269 2119 424 2190 cavernis.
469 2121 529 2188 Sin
548 2125 657 2188 autem
677 2145 743 2190 non
763 2121 916 2190 alimento
937 2121 1066 2206 quidem
1093 2119 1150 2186 sed
1168 2118 1289 2194 honore

65 2224 184 2306 gaudet
199 2225 297 2303 deus,
316 2247 381 2290 non
394 2223 505 2314 inepte
518 2247 578 2290 nos
594 2226 723 2314 quidem
738 2225 834 2291 deum
847 2224 996 2314 precibus
1010 2223 1218 2300 honoramus,
1234 2245 1288 2288 se·

65 2323 180 2392 erifioio
195 2325 324 2415 optimo
339 2329 374 2392 et
388 2325 604 2396 sanstissimo.
647 2327 688 2394 In
703 2327 763 2394 deo
778 2328 907 2418 quidem
922 2327 1031 2394 nullus
1042 2326 1197 2394 odoratus
1213 2345 1287 2394 sen-

67 2445 128 2494 sus.
172 2429 245 2495 Sed
262 2428 416 2495 eeclesiae
435 2429 532 2494 odore
552 2429 683 2516 gaudet
726 2432 794 2504 Est,
811 2431 896 2500 enim
919 2430 1073 2502 eeclesiae
1095 2429 1287 2510 sacrificium

39 2607 42 2614 Ι
65 2529 176 2607 oratio,
189 2553 281 2617 *quoe
294 2553 316 2596 e
331 2531 455 2598 sanetis
469 2530 639 2598 exhalatur
660 2534 786 2600 animis.
833 2533 1018 2616 Quaerere
1036 2555 1080 2600 ex
1092 2531 1184 2619 Lege
1203 2531 1287 2601 fiunt

67 2629 240 2711 ssorifioia,
262 2655 301 2698 ea
314 2631 486 2717 allegorice
505 2638 651 2702 nostram
676 2637 862 2724 significent
880 2637 1076 2723 religionem
1121 2633 1287 2702 Sserifioia

66 2735 170 2800 entem
185 2735 279 2825 apud
294 2736 409 2820 gentes
427 2735 469 2802 ab
482 2736 666 2804 hominibus
679 2743 815 2828 propter
828 2740 974 2806 earnium
989 2756 1081 2804 esum
1100 2736 1287 2823 excogitate
1354 2789 1360 2810 ,

66 2853 132 2902 esse
142 2839 234 2905 mihi
249 2837 410 2904 videntur
441 2835 605 2906 Cornibus
620 2838 837 2926 quorumlibet
854 2840 1040 2907 animelinm
1056 2837 1144 2906 vssoi
1155 2837 1286 2923 quovis-

65 2941 154 3008 modo
170 2965 241 3008 non
255 2947 308 3007 est
318 2939 527 3058 probandum
558 2941 686 3023 Quodsi
701 2941 785 3032 quis,
800 2965 865 3008 nou
879 2965 901 3009 u
903 2941 1139 3027 ththegoras
1154 2943 1287 3030 propter

67 3030 259 3112 somniabam
279 3041 459 3108 animarum
484 3043 819 3132 transmigrationem,
850 3043 907 3110 sed
934 3066 976 3113 ne
1000 3044 1140 3111 enimam
1162 3045 1284 3120 oneret,

67 3147 218 3214 tenuibus
233 3144 363 3212 omnino
372 3166 443 3210 non
457 3147 634 3226 vesoiturs
625 3169 651 3214 rs
668 3169 732 3214 nou
747 3146 843 3212 est
812 3170 845 3212 vr
847 3146 1060 3236 tuperaudus.
1104 3143 1284 3212 Multorum

68 3249 172 3314 antem
187 3247 369 3316 bestiarum
380 3267 493 3313 oannes
505 3247 597 3336 Lege
611 3250 684 3316 ideo
694 3249 866 3338 prohibent
868 3273 916 3327 nr,
933 3237 1019 3339 quod
1034 3246 1115 3317 vitia
1127 3247 1284 3336 quaedam

68 3367 101 3412 ao
121 3352 246 3418 seelera
266 3349 462 3436 significent.
504 3349 661 3418 Fortasse
685 3353 783 3418 etiam
809 3353 994 3440 gnostious,
1023 3373 1064 3420 ne
1083 3350 1188 3439 ipsius
1209 3372 1283 3426 earo

68 3446 158 3517 nimis
173 3453 329 3529 luxuriet,
345 3449 576 3518 abstinuerite
597 3454 760 3522 carnibus.
786 3455 1026 3544 Aegyptiorum
1038 3473 1283 3545 quoqueseoet·

68 3546 120 3616 dot
105 3551 226 3620 tibus
215 3577 251 3620 ιιι
274 3552 540 3642 purgationibus,
570 3579 652 3641 quae
670 3555 756 3622 fiunt
774 3578 816 3622 ex
834 3557 915 3636 ritu,
946 3556 1096 3624 carnibus
1116 3556 1204 3624 sosoi
1215 3579 1284 3624 non
1357 3625 1363 3633 ,

69 3646 148 3718 lieet.
176 3654 343 3744 Oportet
353 3677 431 3743 ergo
449 3655 510 3724 deo
531 3659 688 3728 saorifioia
704 3659 820 3727 offerre
839 3661 989 3788 eooepta,
1019 3659 1179 3740 oratione,
1209 3659 1284 3726 fidei

69 3734 203 3837 unitate,
217 3759 342 3826 sanetis
358 3759 557 3848 operibus1).

128 3857 282 3928 Iubemnr
300 3865 412 3928 autem
426 3861 531 3930 solere
545 3866 579 3930 et
593 3863 750 3930 honorare
770 3861 918 3941 eundem,
941 3885 1036 3954 quem
1057 3845 1092 3930 et
1111 3862 1230 3950 Lognn
1248 3865 1284 3932 et

71 3963 261 4028 senatorem
275 3965 455 4050 ducemque
470 3987 555 4047 esse,
572 3965 728 4032 habemus
742 3973 951 4054 persuasum
974 3987 1032 4054 per
1048 3965 1157 4054 ipsum
1173 3967 1283 4036 autem

71 4051 207 4142 Patrem,
222 4089 297 4144 non,
314 4066 421 4132 otalii
437 4067 993 4152 qmdemiaornntseleobsdrebus
1011 4068 1283 4136 sedeontrnenter

72 4179 121 4234 ter
134 4167 252 4233 totam·
249 4168 355 4234 ritem
370 4169 474 4236 modis
489 4171 648 4238 omnibus.
693 4168 792 4241 Certe
814 4193 918 4258 genus
940 4171 1091 4251 electum,
1109 4173 1283 4260 praecepto

72 4256 291 4336 iustificatum.
315 4269 497 4366 Septies,
513 4273 642 4363 inquit,
666 4273 825 4340 laudem
850 4273 935 4340 dixi
960 4273 1047 4340 tibi.
1084 4273 1198 4346 Unde
1221 4297 1282 4344 neo
1405 4261 1406 4268 ἵ

75 4359 196 4438 definito
221 4372 310 4450 loeo,
335 4395 441 4462 neque
456 4373 490 4442 in
504 4376 626 4512 templq
654 4375 791 4454 seleoto,
816 4385 921 4466 neqn'e
947 4378 1062 4447 diebus
1088 4375 1282 4496 quibusdem

75 4496 266 4532 *wa-*-

67 4581 283 4672 ferolt·-
251 4586 347 4648 ’851
