2820 5052
626 283 852 436 'm

1033 465 1041 484 ·
1403 439 1404 500 l

145 515 769 614 menottsestpropositnmnsorero
788 519 863 604 τὴν
884 519 967 608 sss
986 515 1230 602 turpasse
1250 513 1363 580 tae·
1389 513 1404 537 ·‘

147 622 247 708 ρίαν
268 621 440 710 praestare,
464 635 566 708 quen,
588 622 716 696 serrata
730 636 830 692 rerum
845 617 1078 709 mmequestia
1098 618 1236 705 taupme
1251 632 1362 706 oppor-

144 725 222 794 tuno
235 737 424 811 exponamus
434 730 475 801 1).
499 720 594 786 Sedb
609 721 717 807 ἠθικὸς
732 723 822 806 λόγος
834 723 959 808 septem
972 717 1175 790 stromatum
1185 716 1278 786 libris
1293 716 1362 784 ab·

146 823 307 890 solutus
322 821 395 901 fuit,
410 823 508 918 idque
525 821 590 888 iam
605 819 680 890 libri
694 823 762 890 VH
775 823 883 912 eapite
899 825 950 890 14.
986 821 1077 904 Quid
1090 819 1194 908 igitur
1202 822 1289 907 ,post
1301 818 1362 886 hoo
1404 833 1405 844 ¹

144 929 245 1016 eaput
257 947 372 992 rernm,
386 926 534 1014 postulat
552 925 803 1011 consequentia?
826 926 904 994 Siue
920 924 1021 992 dubio
1041 927 1094 1009 τὴν
1114 929 1174 988 τῶν
1202 925 1363 1008 δογμάτων
1404 927 1405 934 ’

143 1030 287 1116 draptes.
329 1028 378 1094 At
392 1049 469 1094 vero
483 1027 574 1115 prius
589 1027 754 1116 aperiendi
768 1047 840 1096 esse
854 1027 1006 1096 videntur
1020 1025 1117 1092 huius
1139 1025 1277 1109 θεωρίας
1293 1022 1363 1090 ion·
1405 1050 1406 1124 q

145 1132 208 1208 tes,
223 1145 304 1216 quos
320 1129 414 1216 quasi
434 1129 611 1196 obstruunt
630 1132 666 1196 et
684 1130 841 1200 obturant
859 1129 972 1198 multis
992 1123 1253 1199 dubitationibus
1276 1121 1363 1192 obia-
1405 1127 1406 1160 ³

145 1233 275 1320 otiaque
288 1231 419 1308 Graebi,
432 1230 555 1309 Iudaei,
571 1231 739 1300 Haeretici
749 1235 790 1319 ²).
833 1231 1012 1320 Aperiendi
1026 1233 1137 1301 autem
1157 1229 1237 1294 sunt
1251 1226 1363 1295 deten-

146 1334 245 1412 sione,
261 1357 344 1421 qnae
359 1333 520 1404 consistet.
530 1335 565 1400 in
579 1337 668 1400 reeta
682 1333 957 1404 demonstratione
971 1335 1007 1400 et
1021 1328 1197 1402 statuenda
1215 1331 1252 1408 et
1271 1330 1360 1396 adhi-

145 1435 259 1504 benda.
303 1435 442 1504 Videtur
462 1457 541 1522 ergo
562 1433 713 1504 Clemens
733 1440 811 1527 pest
828 1437 947 1504 librum
967 1432 1036 1504 VII
1057 1431 1240 1522 seripturus
1261 1428 1363 1498 tuisse
1406 1416 1407 1486 l

143 1538 261 1606 ibrum
277 1537 361 1606 VIII
375 1538 415 1604 de
430 1538 705 1606 demonstratione
711 1565 720 1618 ;
743 1540 859 1608 deinde
877 1540 962 1606 bano
980 1535 1136 1604 adhibens
1156 1533 1280 1602 libnum
1300 1533 1363 1612 IX,

146 1641 196 1708 vel
216 1641 316 1708 etiam
335 1641 445 1728 plures
464 1641 507 1706 ad
527 1640 698 1708 solvendas
725 1641 945 1710 dubitationes
965 1640 1155 1724 obiectaque
1173 1635 1361 1716 reiieienda,

26 1763 31 1772 ·
146 1741 264 1828 quibus
284 1742 450 1821 contectis,
474 1744 517 1811 ad
538 1741 706 1812 Christum
727 1743 838 1813 veruin
866 1743 918 1810 dei
936 1742 1057 1810 Filium
1075 1741 1363 1808 demonstrandum
1407 1784 1408 1840 q

146 1848 362 1932 perventurus
377 1844 504 1914 fuisset
526 1844 610 1914 Nam
626 1847 681 1932 qui
695 1846 850 1934 dogmate
864 1823 1199 1930 christiana'aoeipere
1213 1842 1365 1922 voluerit,
1407 1843 1408 1934 l

146 1948 188 2014 ad
208 1947 260 2014 dei
279 1948 400 2016 Filium
420 1949 570 2016 aooedere
591 1948 704 2028 debet,
737 1948 806 2035 qui
827 1951 890 2016 est
908 1967 1002 2014 'vere
1028 1947 1144 2034 pater
1169 1945 1363 2012 veritatis
1407 1949 1408 1960 ’

146 2053 186 2118 et
207 2050 397 2131 dautem).
440 2050 689 2139 Principium
710 2051 814 2118 enim
835 2051 1047 2118 doetrinae
1068 2046 1259 2114 habemus
1282 2047 1362 2116 Do-

145 2153 304 2233 minum,
328 2155 395 2240 qui
417 2157 457 2221 et
477 2175 552 2242 per·
567 2153 790 2241 Prophetas
810 2156 853 2220 et
871 2176 939 2242 per
959 2150 1224 2239 Evangelium
1240 2152 1363 2239 atper
1408 2150 1409 2190 l

146 2255 288 2324 beatos
309 2255 534 2346 Apostolos
556 2257 820 2328 multifariam
838 2255 1059 2342 multisque
1072 2251 1203 2320 modis
1219 2275 1241 2318 a
1254 2254 1362 2342 prin·

146 2359 250 2446 eipio
265 2359 515 2448 cognitionis
536 2357 703 2426 deduoit
723 2359 769 2426 ad
788 2358 956 2441 tinem4).
978 2358 1051 2426 Hoo
1065 2355 1262 2446 principium
1277 2355 1362 2422 nullo

145 2465 225 2548 eget
235 2461 312 2540 oli03
335 2483 399 2528 vox
413 2461 547 2529 Domini
561 2461 666 2548 magis
680 2460 744 2528 fide
758 2460 868 2547 digna,
886 2483 983 2548 qnam
1004 2459 1138 2549 quaevis
1158 2459 1361 2526 demonstra-

146 2563 205 2639 tio,
221 2564 271 2632 vel
285 2564 359 2651 ipsa
373 2563 482 2650 potius
498 2561 568 2630 sola
580 2563 816 2630 demonstratio
830 2566 874 2650 ὅ).
901 2563 1002 2630 -Tum
1022 2583 1100 2628 vero
1115 2558 1271 2631 Clemens
1293 2583 1360 2650 per-

146 2669 295 2734 recturus
314 2663 415 2730 fuisse
440 2665 570 2732 videtur
597 2665 640 2732 ad
665 2667 962 2742 demonstrandum,
988 2663 1120 2732 ubinam
1144 2665 1180 2730 et
1202 2686 1360 2753 quaenam

145 2768 231 2836 inter
245 2766 426 2834 haeresium
440 2767 554 2837 turbas
577 2767 622 2836 sit
639 2766 868 2860 antiquissima
888 2767 1024 2837 eeclesia
1043 2769 1079 2832 et
1096 2765 1283 2846 verissima,
1304 2789 1357 2837 um

145 2873 181 2937 et
194 2869 362 2946 catholiea,
377 2869 412 2936 in
427 2893 491 2961 qua
505 2869 655 2960 deposita
670 2871 717 2938 sit
729 2870 863 2938 Domini
876 2892 941 2938 vox
955 2873 990 2936 et
1004 2868 1138 2938 traditio
1147 2869 1192 2951 ⁶).
1225 2869 1277 2936 Et
1292 2891 1356 2959 pro-

145 2973 231 3042 iecto
252 2972 313 3042 sub
332 2972 429 3040 finem
454 2974 529 3040 libri
549 2974 617 3041 VII
641 2977 757 3064 postea
782 2995 817 3040 se
843 2993 915 3042 esse
939 2972 1102 3042 dicturum
1126 2969 1304 3058 pollioetur
1326 2971 1359 3036 de

146 3076 302 3144 ecelesiae
316 3077 507 3144 excellentia
521 3079 555 3144 et
569 3076 609 3142 de
623 3099 689 3143 uno
703 3075 954 3144 eonstmotionis
973 3076 1044 3142 eius
1064 3070 1236 3164 principio,
1257 3072 1359 3154 omnia

145 3179 210 3246 alia
225 3180 409 3266 superante,
426 3179 568 3268 nihilque
582 3179 723 3246 habente
738 3178 800 3248 sibi
814 3178 866 3252 vel
881 3178 984 3246 simile
993 3177 1045 3246 vel
1057 3174 1191 3266 aequale
1202 3175 1248 3262 ⁷).
1296 3176 1358 3242 De·

146 3281 244 3370 nique
257 3279 414 3349 ecelesiae
428 3304 574 3348 normam
589 3303 627 3346 ae
641 3281 787 3368 regulam
802 3283 934 3351 seoutus
949 3277 1147 3348 hauddubie
1167 3276 1291 3348 luisset
1309 3301 1358 3346 ex·

148 3380 316 3470 positurus
332 3386 387 3467 τὴν
397 3377 455 3448 ἐῶν
471 3385 631 3468 δογμάτων
647 3386 791 3470 θεωρίαν.

210 3482 304 3566 Quae
319 3507 418 3573 quum
432 3485 480 3550 ita
496 3485 573 3563 sint,
589 3484 692 3552 totius
706 3486 840 3554 alterius
855 3484 952 3572 longe
965 3481 1272 3574 praestantissimae
1286 3502 1359 3570 ope·

146 3609 218 3668 rum
235 3584 512 3654 clementinorum
526 3587 632 3676 partis
648 3588 728 3656 nihil
742 3611 803 3656 nos
816 3588 946 3672 habere,
961 3587 1026 3656 nisi
1040 3607 1176 3676 parvum
1197 3584 1359 3673 fragmen·

73 3699 77 3706 “
146 3692 218 3756 tum
233 3687 273 3754 de
288 3687 563 3758 demonstratione
576 3690 611 3758 in
625 3692 811 3760 universum
825 3690 1001 3760 statuenda
1011 3690 1158 3779 apparot.
1178 3688 1254 3756 Aut
1264 3688 1359 3775 igitm

95 3848 96 3853 η
148 3790 299 3862 Clemens
315 3794 444 3880 praeter
457 3792 519 3862 hoo
533 3794 762 3883 fragmentum,
777 3793 1000 3884 perseeutione
1014 3791 1154 3860 tortasse
1168 3791 1357 3884 prohibitus

146 4151 151 4158 .
201 4101 227 4172 1¹)
244 4101 341 4166 mett.

147 4253 150 4262 ,
202 4190 230 4254 ¹)
247 4205 272 4254 p.
285 4183 346 4244 886.

201 4275 226 4340 ³)
245 4290 270 4342 p.
283 4271 344 4328 889.

164 4435 167 4440 ¹
201 4361 228 4425 ⁴)
245 4351 344 4424 seeo.

201 4447 229 4512 ³)
246 4459 271 4508 p,
283 4443 343 4500 891.

202 4531 227 4599 ⁸)
246 4547 270 4597 p.
283 4526 433 4585 tlt—000.

203 4611 343 4685 asem.
548 4617 551 4624 ’
