2820 5052
602 315 663 383 187

107 501 289 569 lamrerode
300 521 348 580 eo,
361 500 448 588 quod
460 503 513 568 est
523 501 820 592 verephilosophia,
839 504 879 570 de
892 505 1052 594 sapientia
1068 503 1244 571 artificiosa
1295 507 1304 530 ⁴

59 603 186 670 dicamus.
210 603 376 692 Sapientia
391 605 501 669 autem
520 608 573 670 est
589 603 694 671 solida
704 624 811 672 rerum
823 606 1003 674 divinarum
1010 607 1240 674 humanarum·

58 727 103 792 que
115 706 256 793 cognitio,
271 706 364 771 firma
378 708 413 772 et
427 705 554 773 stabilis
567 707 725 793 quaedam
747 708 988 796 comprehensio
1002 731 1167 795 nunquam
1182 731 1240 776 ex·

58 807 152 885 cidens,
166 829 245 893 quae
259 808 404 876 continet
417 829 466 886 ea,
482 829 565 894 quac
586 811 674 887 sunt,
695 812 730 876 et
747 810 924 898 praeterita
945 814 980 876 et
999 811 1119 889 futura,
1143 815 1241 896 quam
1342 875 1350 884 .

57 931 97 974 nos
110 910 212 976 docuit
227 913 262 976 et
282 931 342 976 sua
360 911 546 998 praesentia
566 914 600 977 et
619 933 678 999 per
698 911 879 998 Prophetas
900 911 1071 980 Dominus.
1116 913 1242 980 Partim

62 1011 156 1100 quidem
170 1015 302 1079 aeterna
320 1015 382 1090 est,
402 1013 521 1101 partim
541 1017 652 1080 autem
676 1015 814 1102 tempori
840 1013 947 1092 utilis;
969 1017 1089 1103 partim
1116 1036 1182 1080 una
1206 1017 1241 1082 et

59 1114 148 1190 cadem,
162 1115 280 1203 partim
295 1115 417 1182 multae
432 1119 466 1181 et
480 1115 717 1193 indifferentem
740 1116 858 1203 partim
882 1116 950 1181 sine
966 1118 1032 1182 ullo
1048 1121 1138 1183 motu
1153 1118 1241 1205 pati·
1324 1145 1327 1150 ·

57 1213 102 1292 bili,
115 1217 227 1304 partim
243 1215 370 1306 patibili
386 1239 458 1286 oum
474 1218 689 1306 appetitione3
711 1218 831 1304 partim
851 1217 1005 1306 perlecta,
1020 1219 1140 1307 partim
1155 1219 1241 1285 indi·

55 1337 121 1402 gent.
161 1319 257 1386 Hanc
270 1320 373 1407 igitur
388 1320 598 1408 sapientiam,
621 1341 703 1407 quae
724 1325 777 1385 est
796 1321 938 1386 omnium
959 1322 1068 1410 opifex
1083 1327 1118 1387 et
1137 1323 1242 1408 magi-

54 1421 111 1497 stra,
125 1420 144 1485 i.
160 1443 185 1486 e.
200 1422 278 1488 Filii
293 1421 508 1509 cognitionem
523 1423 579 1511 qui
594 1427 715 1501 amant,
735 1423 768 1487 hi
789 1421 970 1510 philosophi
986 1423 1139 1495 dicuntur
1153 1425 1241 1512 apud

53 1543 94 1586 nos
100 1547 107 1599 3
127 1526 209 1612 apud
226 1523 371 1592 Graecos
387 1528 506 1603 autem,
528 1526 582 1612 qui
598 1527 638 1592 de
652 1526 775 1592 virtute
790 1525 1027 1612 disputationes
1051 1525 1242 1613 suscipiunt

52 1621 252 1716 Philosophiae
267 1611 375 1694 autem
389 1628 520 1694 nomine
531 1628 684 1694 dicuutur
699 1631 788 1694 certa
803 1609 932 1694 decreta
938 1651 1010 1694 oum
1022 1628 1091 1693 vita
1102 1651 1242 1715 congro·

52 1731 107 1793 ente
122 1729 153 1795 in
165 1753 263 1796 unam
287 1734 400 1797 coacta
411 1730 609 1810 electionem,
626 1753 708 1817 quae
723 1731 878 1798 divinitus
892 1730 1122 1799 databarbaris
1135 1731 1243 1817 gratia

53 1835 175 1920 sunepta
190 1835 318 1900 suntet
334 1831 461 1899 Graeca
472 1833 790 1920 ornataeloquentia.
815 1831 1243 1922 Constantenimexpartim
1289 1833 1301 1852 “

52 1936 195 2021 surreptis,
211 1933 333 2026 partim
349 1935 437 2000 ‘male
457 1925 647 2016 intellectis,
673 1937 791 2026 partim
816 1937 1063 2002 ratiocinatione
1090 1935 1242 2001 inventis.

51 2029 206 2102 Perleclam
232 2039 405 2104 veritatem
431 2059 496 2102 non
517 2038 654 2118 habent3
676 2039 756 2104 nihil
781 2023 981 2125 cognoscunt
1004 2041 1134 2127 praeter
1158 2037 1244 2104 huno

50 2132 188 2204 mundum.
235 2137 514 2222 Quemadmodum
529 2143 613 2208 enim
628 2144 663 2207 in
677 2145 855 2228 geometria
875 2163 1053 2218 mensuras,
1076 2139 1242 2225 magnitu-

49 2233 265 2326 dinem-figuras
280 2241 437 2308 linearum
452 2265 514 2310 usu
536 2244 716 2311 imitamur:
738 2244 787 2310 ita
799 2243 987 2332 philosophi
1009 2243 1133 2331 seipsps
1155 2241 1242 2306 deci-

50 2337 151 2424 pientes
165 2343 338 2410 veritatem
359 2345 540 2412 imitantur.
584 2346 712 2413 Nimius
732 2351 842 2412 autem
863 2345 914 2412 sui
935 2367 1024 2410 amor
1044 2343 1244 2432 quibuslibet

49 2459 127 2510 eausa
140 2450 191 2512 est
204 2443 411 2536 peccatorum
428 2449 580 2514 omnium.
623 2448 696 2514 Non
711 2449 816 2515 nostri
831 2449 1016 2514 amantibus
1032 2449 1125 2514 nobis
1140 2446 1244 2534 gloria

49 2541 266 2616 abhominibos
286 2551 483 2638 expetenda,
506 2551 564 2617 sed
584 2551 679 2618 deum
700 2551 873 2638 diligamus
893 2548 1024 2639 oportet
1044 2550 1150 2617 sancti
1171 2571 1244 2614 cum

48 2649 207 2732 prudentia.
262 2651 315 2716 Illi
341 2656 450 2718 autem
483 2653 702 2740 singularibus
727 2675 787 2740 pro
816 2653 1021 2740 generalibus
1052 2654 1191 2718 utentes!
1208 2651 1243 2716 et

48 2747 124 2816 mbos
144 2755 360 2820 servientibus
382 2777 440 2844 pro
461 2748 642 2821 Domino'a
661 2749 807 2820 veritate
823 2755 1005 2820 abhorrent.
1049 2755 1114 2820 Est
1134 2757 1243 2822 autem

46 2871 77 2916 ex
88 2854 253 2946 disciplina
268 2858 411 2943 cognitio
433 2861 467 2922 et
488 2857 639 2934 scientia3
664 2857 715 2922 sin
734 2858 803 2933 hoc,
827 2866 1020 2942 quaeramus
1039 2856 1243 2942 magistrum.

47 2951 74 3016 Si
95 2956 355 3048 philosophorum
381 2959 557 3044 magistros
578 2959 762 3044 quaesiero,
788 2959 914 3024 veniam
940 2961 981 3024 ad
1007 2957 1240 3044 Pythagoram,

47 3050 465 3145 Pherecydem‚'Thaletem;
487 3061 601 3126 horum
616 3061 900 3127 autem‘inveuiam
916 3061 1111 3148 Aegyptios,
1131 3058 1243 3136 Indos,

46 3153 238 3247 babylonios,
254 3162 383 3251 Magos.
428 3163 557 3230 Horum
578 3185 673 3251 porro
693 3165 838 3252 ipsorum
859 3163 933 3252 quis
953 3164 1130 3241 doctor,'et
1149 3160 1265 3251 primi.

45 3255 164 3330 hominis
185 3265 357 3354 quisnam?
379 3267 487 3332 Homo
512 3269 600 3331 certe
621 3266 750 3344 'nullus3
773 3289 833 3332 nee
850 3287 927 3332 vero
948 3289 987 3331 ex
1008 3265 1131 3352 angelis
1154 3263 1243 3353 quis·
1270 3303 1274 3310 ·

46 3379 140 3447 quam3
164 3367 355 3454 angelorum
369 3369 454 3434 enim
469 3367 692 3434 comunicondi
707 3366 802 3444 ratio,
818 3390 881 3456 qua
896 3369 1092 3455 angelorum,
1114 3367 1245 3432 minime

45 3467 271 3536 certaminum.
316 3471 504 3551 Quinetiam
525 3469 658 3557 angelos
680 3491 806 3559 quoque
825 3471 994 3537 veritatem
1016 3469 1169 3538 didicisse
1189 3492 1243 3536 ao·
1327 3465 1334 3520 Γ

45 3567 189 3656 opimum
213 3575 292 3638 sunt
306 3572 391 3636 enim
399 3575 442 3637 ct
454 3573 518 3662 ipsi
533 3573 644 3638 creati»
688 3571 913 3637 Ascendamus
933 3574 1036 3660 igitur
1055 3577 1185 3662 oportet
1203 3570 1245 3638 ad

45 3687 139 3738 eornm
155 3695 283 3765 quoque
298 3675 462 3740 doctorem
483 3697 548 3740 noo
570 3675 728 3761 genitum.
771 3674 837 3739 Hic
856 3677 909 3740 est
929 3675 1009 3740 deus
1030 3675 1243 3762 omnipotens,

45 3773 89 3857 qui
102 3775 200 3844 habet
214 3777 335 3842 Filium
349 3777 586 3865 praegenitum,
601 3799 658 3864 per
673 3799 767 3865 quem
783 3779 891 3842 omnia
905 3779 992 3843 facta
1008 3783 1094 3854 sunt,
1115 3776 1245 3840 univer-

44 3891 139 3942 sorum
154 3879 356 3968 principium.
378 3878 413 3944 Is
428 3900 505 3945 vero
520 3877 561 3943 ab
576 3879 724 3944 omnibus
740 3879 906 3968 prophetis
921 3881 1028 3946 dictus
1043 3884 1096 3944 est
1111 3878 1244 3966 Sapien-

44 3975 91 4054 tia,
104 3981 260 4067 magister
279 3981 421 4047 omnium
441 3984 638 4059 creatorum,
665 3981 716 4046 dei
741 3981 961 4059 consiliarius,
989 3979 1044 4068 qui
1070 3979 1245 4068 praescivit

43 4067 148 4148 omnia.
192 4083 247 4150 Ab
267 4083 328 4149 hoc
345 4106 421 4148 vera
441 4083 645 4171 philosophia
664 4085 791 4171 accepit
811 4083 932 4160 omnia3
957 4103 1151 4168 quamquam
1172 4081 1245 4147 Lex

44 4183 87 4245 as
100 4183 204 4272 imago
229 4193 265 4252 et
282 4186 430 4252 veritatis
450 4183 575 4250 umbra.
624 4187 679 4250 Ad
709 4186 804 4252 deurn
821 4185 952 4250 Patrem
977 4177 1086 4249 omnis
1107 4183 1245 4249 recurrit

43 4289 160 4370 carpto,
182 4288 223 4354 ad
244 4289 421 4358 Dominum
442 4287 563 4354 uiuum
588 4288 691 4354 omnis
717 4288 873 4354 doctrina.
917 4287 1048 4358 Veritas
1075 4285 1244 4375 autem1in

45 4378 215 4456 hominibus
230 4392 335 4458 haud
360 4390 594 4458 necessario
618 4389 774 4478 pullulat3
797 4389 908 4474 itaque
923 4389 1090 4458 Pharisaei
1112 4411 1131 4452 a
1152 4387 1247 4474 Lege

45 4487 210 4568 potuerunt
232 4493 401 4566 declinare.
447 4492 514 4575 Qui
534 4496 643 4558 autem
659 4490 874 4568 crediderunt,
900 4490 1002 4577 Legis
1028 4489 1244 4577 cognitionem

48 4588 214 4678 attingunt,
230 4597 316 4664 sicut
330 4597 427 4664 etiam
443 4594 626 4686 philosophi
646 4593 780 4666 Domini
800 4594 956 4662 doctrina·
967 4593 1188 4684 perduemur
1202 4591 1244 4664 ad
