2830 5052
660 325 861 436 Q

151 528 393 616 inquisitionem
419 545 494 592 esse
516 519 664 590 dicimus.
707 523 821 614 Atque
846 491 967 590 veritis
995 523 1049 590 est
1068 519 1232 589 Christus.
1271 518 1351 601 Quo·
1407 475 1408 484 ι

151 633 247 700 modo
261 653 339 716 ergo
354 629 536 706 veritatem,
552 647 634 716 quae
648 627 721 716 ipsa
736 649 770 693 se
784 625 876 692 dedit
895 627 1023 714 sponte
1044 623 1247 714 philosophia
1259 621 1352 712 inqui-

60 753 63 762 ’
151 735 218 801 rit?
234 733 277 800 ‘H
292 731 494 820 προπαιδεία,
510 751 607 819 quam
621 751 676 808 ea,
697 743 780 820 qnae
799 727 905 795 estin
925 726 1077 806 Chriato,
1097 727 1189 817 quies
1210 725 1352 815 sequitur,

151 839 293 904 mentem
308 835 447 909 exercet,
462 831 586 898 excitat
600 831 863 919 intelligentiam,
877 832 1063 942 promptum
1074 826 1353 917 gignendoingenii

152 959 288 1006 acumen
312 936 393 1002 illud
419 936 480 1001 ad·
477 935 704 1024 ¹quaerendum
730 935 881 1000 idoneum
906 953 1100 1024 perversam
1123 929 1353 1021 philosophiam,

152 1063 250 1132 quam
277 1039 443 1104 inventam
471 1036 523 1104 vel
554 1038 721 1194 acceptam
749 1036 860 1125 potius
890 1035 981 1102 ah'
968 1057 1043 1166 ipsu
1073 1034 1212 1103 ιιιίιιιι
1247 1030 1354 1098 habent

152 1142 334 1231 mystae1).

217 1257 340 1326 Mentis
355 1257 465 1323 autem
480 1189 668 1325 exercitatio
684 1239 762 1324 illa
751 1279 785 1322 m
796 1255 843 1322 eis
855 1257 1008 1334 cernitur,
1019 1273 1229 1345 quaecunque
1239 1253 1354 1321 omnino

82 1367 85 1374 '
153 1365 262 1431 mente
272 1359 411 1448 intelligi
426 1364 575 1449 possunt,
597 1361 714 1451 quibus
729 1357 878 1426 omnihus
893 1359 1029 1436 ¹acuitur
1047 1357 1249 1448 intelligendi
1266 1354 1355 1422 iacul-

155 1471 217 1540 tas.
261 1465 378 1555 Itaque
393 1461 555 1542 docemur,
570 1461 747 1553 perlectam
767 1461 1019 1528 demonstrando
1039 1462 1136 1530 fidem
1155 1461 1262 1528 animo
1281 1480 1354 1524 com-

95 1647 105 1656 ,
152 1589 283 1660 parare,
304 1588 387 1658 quae
409 1565 504 1654 cogni
506 1565 593 1633 tione
614 1565 731 1632 nititur
751 1563 792 1631 ab
813 1565 900 1631 omni
920 1563 1137 1632 dubitatione
1142 1560 1355 1632 remotissima

131 1671 360 1768 ¹Quamquam
375 1667 445 1734 fieri
459 1669 581 1758 potest,
602 1669 641 1734 ut
662 1667 735 1758 quis
755 1668 809 1734 vel
829 1667 970 1786 plane'
944 1691 1013 1734 eme
1032 1667 1152 1734 litteris
1171 1667 1270 1732 fidem
1289 1685 1356 1730 nan·

154 1776 306 1842 ciscatur.
352 1769 420 1835 Nec
434 1769 568 1836 tamen'
558 1794 588 1836 ιι
610 1771 738 1860 quidem
759 1770 877 1848 omnia,
899 1792 981 1860 quae
1001 1769 1064 1836 fide
1084 1770 1301 1859 possidentur,
1319 1765 1358 1830 ite

153 1873 326 1962 intelliget,
342 1871 502 1962 quomodo
518 1895 553 1938 se
566 1871 720 1951 habeant,
740 1875 789 1980 pt,
806 1895 888 1963 quae
902 1875 990 1939 reete
1005 1866 1356 1950 detestandarum

156 1979 320 2055 secernat,
339 1974 373 2039 id
394 1974 481 2064 quod
503 1975 602 2043 solius
622 1979 675 2041 cst
700 1951 788 2054 eide,
816 1977 887 2066 qui,
914 1999 1013 2066 quum
1039 1975 1085 2040 sit
1107 1973 1171 2040 fide
1193 1971 1356 2064 praeditus,

155 2079 303 2147 doctrina
317 2079 468 2144 ornatum
484 2099 519 2145 se
533 2076 677 2167 praebet.
721 2077 1001 2161 Quemadmodum
1014 2077 1118 2165 igitur
1131 2076 1257 2144 aliter
1246 2099 1280 2141 ιιι
1295 2093 1356 2160 ege·

118 2197 120 2204 ’
156 2183 244 2249 ιιιιι
259 2179 390 2258 vivitur,
406 2179 523 2246 aliter
513 2205 548 2246 ιιι
563 2180 822 2259 abundantia,
796 2203 843 2248 ιιι
863 2203 990 2271 quoque
1009 2203 1075 2246 non
1093 2179 1206 2246 eodem
1225 2175 1357 2245 modom

155 2285 305 2352 doctrina
319 2281 425 2348 credit
409 2283 474 2361 t,ur
490 2285 589 2373 atque
603 2283 638 2350 in
652 2283 847 2370 ignorantia,
862 2283 1035 2373 imperitia,
1049 2281 1191 2353 inscitia.
1215 2281 1281 2350 Sed
1289 2279 1358 2344 hano

155 2387 255 2454 etiam
269 2384 311 2452 cb
326 2405 458 2452 causam
473 2385 652 2475 disciplinis
667 2408 748 2475 opus
764 2389 824 2463 est,
843 2387 883 2452 ut
898 2385 1116 2475 sophistarum
1126 2383 1259 2452 fallaces
1270 2379 1358 2471 repel-

155 2490 264 2556 lamus
276 2485 495 2578 op1nrones2.)

221 2605 455 2673 Verumtamen
470 2605 832 2696 ἡπροιιαιδιὶιιιιιιία
845 2607 902 2674 illa
915 2629 981 2674 una
992 2628 1065 2673 cum
1074 2605 1278 2696 phrlosophra
1290 2601 1358 2672 divi-

156 2710 247 2778 nitus
261 2709 444 2776 hominibus
460 2710 538 2778 data
552 2733 617 2776 non
631 2710 726 2778 aliter
740 2689 911 2777 veritatem
932 2707 1050 2796 gignit,
1071 2711 1169 2796 atque
1183 2709 1295 2787 imber,
1314 2701 1358 2792 qui
1409 2743 1410 2752 ι

156 2837 222 2880 non
238 2812 366 2880 solum
356 2836 390 2878 ιιι
404 2811 522 2879 bonam
533 2817 654 2882 terram
668 2813 854 2890 effunditur,
872 2810 977 2877 sedin
992 2833 1030 2877 ea
1047 2833 1173 2899 quoque
1188 2811 1270 2892 loca,
1290 2827 1358 2898 quac

156 2915 243 2984 haud
255 2916 303 2980 ita
316 2917 393 2980 sunt
407 2915 571 3003 frugifera.
594 2915 733 2992 Accedit
747 2918 804 2982 aut
806 2938 870 2991 ems
881 2913 990 3000 quod'
981 2937 1014 2980 m
1029 2913 1142 2981 eodem
1157 2939 1238 3004 agro
1251 2915 1358 3002 fruges,

157 3017 305 3108 quamvis
327 3019 362 3082 et
381 3019 493 3084 eodem
518 3017 672 3106 irrigatae
696 3017 798 3084 imbre
823 3020 858 3084 et
882 3017 989 3086 cultae
1014 3017 1056 3084 ab
1082 3019 1194 3084 eodem
1221 3014 1358 3107 agricola,
1409 2999 1410 3040 ³

160 3121 243 3188 aliae
258 3119 301 3186 ad
315 3119 411 3185 aliam
425 3120 619 3208 perveniunt
633 3119 866 3188 maturitatem.
910 3119 966 3188 sio
979 3117 1182 3208 philosophia
1199 3139 1321 3207 quoque
1332 3115 1359 3179 in

67 3277 68 3284 ,
159 3225 222 3290 alio
236 3213 364 3290 homine
385 3221 480 3288 modo
500 3221 574 3312 plus
594 3224 688 3290 modo
709 3223 815 3289 minus
840 3221 923 3299 veri,
935 3223 1067 3301 excitat,
1092 3223 1127 3288 in
1148 3221 1213 3290 alio
1240 3237 1358 3312 prorsus
1409 3287 1410 3330 p

156 3327 247 3395 nihil.
293 3325 387 3409 Quae
403 3348 501 3411 quum
516 3325 564 3392 ita
580 3326 657 3405 sint,
677 3324 913 3416 philosophiam
933 3347 994 3390 neo
1014 3325 1160 3394 Stoicam
1180 3323 1293 3404 habeo,
1307 3341 1360 3388 meo
1409 3333 1410 3374 ἲ

157 3429 377 3506 Platonicam,
401 3449 461 3494 nec
486 3427 694 3516 Epicuream,
720 3451 780 3496 neo
802 3427 1035 3494 Aristoteleam
1041 3451 1051 3506 3
1082 3427 1140 3494 sed
1164 3443 1360 3515 quaecunque

160 3530 201 3598 ab
216 3532 267 3598 his
282 3521 546 3621 philosophorum
562 3529 660 3596 sectis
682 3521 819 3618 singulis
838 3532 926 3596 recte
946 3529 1035 3596 dicta
1056 3533 1143 3610 sunt,
1164 3547 1359 3618 quaecunque

159 3633 322 3702 iustitiam
348 3655 421 3699 cum
446 3633 502 3722 pia
526 3631 729 3698 coniunctam
756 3631 891 3699 scientia
923 3631 1074 3700 edocent:
1102 3633 1181 3702 haec
1206 3629 1358 3701 omniain

157 3760 259 3802 unum
274 3758 390 3828 corpus
407 3723 569 3822 quoddam
585 3735 740 3801 selectum
755 3733 826 3801 dico
840 3733 1087 3824 philosophiam.
1116 3733 1236 3804 Cetera
1250 3737 1357 3808 autem,

150 3860 243 3928 ,quae
257 3836 406 3903 humanis
421 3835 722 3904 ratiocinationibus
738 3837 921 3906 adulterata
940 3842 1029 3916 sunt,
1052 3861 1216 3932 nunquam
1235 3833 1357 3906 dixerim

157 3939 285 4006 divina..
332 3939 617 4008 verumenimvero
642 3939 845 4028 philosophia
864 3939 952 4008 haud
973 3941 1103 4010 sufficit.
1159 3941 1265 4012 Aliter
1283 3938 1357 4008 enim

156 4064 216 4108 nos
231 4041 271 4108 de
286 4041 423 4108 veritate
438 4039 609 4132 loquimur,
625 4041 719 4109 aliter
734 4043 854 4111 veritas
869 4043 910 4110 de
926 4065 960 4110 se
974 4043 1062 4134 ipea3
1086 4043 1173 4114 aliud
1185 4049 1237 4114 ιιι
1249 4043 1356 4112 verita·

88 4215 91 4222 ,
155 4144 201 4210 tis
217 4143 412 4222 coniectura,
429 4144 517 4212 aliud
537 4145 675 4224 veritas3
697 4145 785 4212 aliud
806 4145 853 4214 rei
874 4145 1068 4227 similitudo,
1096 4148 1184 4216 aliud
1208 4169 1260 4215 res
1283 4146 1355 4234 ipsa.

157 4243 267 4330 Quare
285 4245 409 4314 lactum
428 4251 490 4328 est,
516 4247 627 4316 divina
651 4248 855 4340 providentia
884 4249 1029 4330 curante,
1054 4252 1094 4320 ut
1118 4249 1154 4319 S.
1180 4250 1356 4342 scripturae

209 4547 236 4620 ¹)
252 4565 276 4618 p.
288 4547 435 4608 tal-att.

209 4635 235 4706 ³)
251 4651 279 4707 p.
290 4637 439 4698 ddi-ddi.
