2972 5048
764 335 809 402 44

177 549 221 596 ex
235 527 310 594 lana
324 527 359 594 et
368 543 527 615 purpure,
554 521 613 591 sed
622 523 754 592 iustitia
766 521 918 604 redimiti,
934 523 1180 613 temperantiae,
1194 521 1281 591 follis
1291 521 1383 591 cincti

182 631 405 698 advenientem
422 629 521 717 digne
536 627 765 716 exciperemus.
790 627 1000 716 Excipicmus
1011 635 1089 714 ergo
1099 649 1183 705 eum,
1199 625 1269 718 qui:
1284 625 1383 712 „Ege

179 734 296 825 inquit,
314 755 385 798 sum
400 731 556 798 ostium.“
581 727 715 822 Ostium
730 729 783 796 est
796 728 956 808 omnibus,
969 730 1027 816 qui
1042 729 1137 796 deum
1151 729 1298 796 volumus
1313 747 1383 814 eog-

180 857 323 914 noscere,
339 838 379 901 ut
392 833 444 900 bic
452 833 621 899 universes
631 830 724 898 nobis
734 832 862 920 aperiat
875 832 1036 899 coelorum
1049 835 1173 922 portas,
1189 835 1281 924 quae}
1293 851 1385 920 quum

108 956 110 962 ’
180 940 247 1007 sint
262 939 380 1023 λογικαὶ
395 941 450 1002 τοῦ
465 937 565 1001 Ailou
580 935 690 1013 nullut,
709 933 784 1000 fidei
803 933 892 1000 cleve
911 935 1109 1022 penduntur.
1154 935 1284 1015 „Deum
1300 933 1385 1000 enim

177 1033 271 1108 nimo
291 1038 384 1106 novit
402 1038 466 1106 nisi
479 1036 564 1102 filius
586 1039 621 1102 et
635 1037 686 1103 eui
702 1035 841 1104 voluerit
853 1037 939 1103 filius
958 1037 1134 1107 revelare-‘⁶
1177 1038 1268 1107 Bone
1284 1038 1386 1112 antem

179 1144 258 1226 scio,
276 1142 354 1220 fore,
375 1143 415 1207 ut
427 1139 473 1218 is,
494 1139 550 1225 qui
565 1140 685 1208 ostium
700 1139 838 1206 antebac
853 1139 998 1206 clausum
1012 1140 1151 1228 aperuit,
1166 1138 1387 1232 postea'etiam

84 1299 86 1312 .
180 1243 353 1312 manifesta
366 1241 475 1322 faciat,
501 1263 584 1328 quae
600 1242 706 1308 latent
723 1241 826 1320 intus,
851 1243 1068 1330 ostendatque
1080 1265 1129 1322 ea,
1145 1239 1388 1332 quaeanemine

85 1417 89 1426 ,
178 1369 321 1434 uuquam
346 1367 451 1432 neque
472 1346 625 1434 poterant
649 1343 816 1432 cognosci,
845 1365 949 1434 neque
976 1348 1130 1434 possunt,
1152 1345 1217 1410 nisi
1241 1343 1316 1430 quis
1335 1361 1388 1431 per

30 1471 40 1480 ·
178 1449 346 1518 Christum
361 1447 461 1515 fuerit
472 1448 652 1534 ingressus,
673 1467 732 1533 par
752 1467 847 1532 quem
871 1446 975 1514 solum
1003 1447 1083 1514 deus
1107 1447 1299 1536 adspicitur.
1340 1442 1385 1510 Ne

132 1623 135 1630 ,
178 1575 256 1641 ergo
271 1553 485 1640 inposterum
501 1548 631 1615 solliciti
646 1547 719 1614 sitis
733 1547 775 1614 de
786 1547 895 1636 adytis
909 1549 1028 1640 impiis,
1049 1549 1090 1615 ds
1099 1550 1236 1638 ,templis
1250 1548 1388 1634 locisque

179 1656 290 1734 sacris,
306 1654 346 1720 de
360 1653 435 1736 diis,
457 1651 498 1718 de
512 1650 643 1717 vatibus
664 1650 909 1738 quibuscunque
924 1652 993 1720 sive
1012 1652 1221 1720 vestris'sire
1242 1651 1387 1724 atomus

174 1758 239 1824 iam
254 1757 339 1824 enim
353 1756 433 1821 haee
447 1753 571 1832 omnia,
596 1763 790 1843 quemquem
802 1777 867 1822 non
881 1755 1021 1842 vulgabo
1036 1758 1171 1834 temere,
1200 1754 1287 1841 quod
1301 1749 1386 1818 Aloi-

175 1860 303 1928 biadem
322 1856 439 1924 fecisse
460 1857 588 1934 dicunt,
618 1858 728 1922 temen
754 1855 836 1924 'eatis
855 1856 984 1924 nudabo
1007 1834 1066 1947 pbr
1088 1859 1241 1924 veritetis
1260 1854 1387 1924 verbum

175 1953 383 2053 praestigiis,
400 1981 482 2050 quae
497 1958 622 2026 croulte
635 1958 671 2024 in
685 1958 732 2025 eis
747 1959 866 2038 latent,
895 1959 1048 2048 ipsosque
1062 1960 1139 2026 deos
1154 1963 1297 2036 vestroe,
1313 1975 1387 2044 quos

174 2065 309 2144 voeatis,
325 2075 466 2151 quorum¹
476 2062 559 2128 ritus
570 2062 727 2150 mysticos
738 2064 894 2149 tanquam
908 2061 942 2128 in
956 2062 1045 2130 vitae
1056 2084 1152 2130 scena
1163 2061 1307 2150 quadem
1318 2057 1387 2126 anta

174 2166 323 2238 veritatis
340 2167 560 2255 spectatorum
574 2165 684 2232 oeulos
698 2166 887 2251 evolvam1).

237 2268 285 2337 Et
298 2269 358 2336 hoo
373 2268 503 2355 quidem
524 2267 598 2334 libri
617 2269 826 2356 prooemium,
849 2266 935 2356 quod
953 2270 1087 2357 propter
1100 2266 1240 2333 multam
1257 2267 1296 2334 et
1309 2261 1384 2332 veri·

173 2374 275 2462 tatem
288 2374 323 2439 et
334 2372 534 2451 ,suavitatem
547 2371 757 2462 transscripsi
775 2393 927 2460 magnam
941 2373 1067 2460 partem
1082 2369 1289 2438 adverbum.
1331 2367 1386 2436 se

174 2475 286 2563 quitur
296 2476 405 2540 autem
413 2474 601 2560 argumenti
610 2474 770 2562 propositi
780 2475 952 2564 expositio,
961 2473 1053 2541 cuius
1064 2471 1388 2561 priorparsversatur

176 2579 211 2644 in
226 2577 419 2666 explicanda
440 2575 638 2644 Graecorum
665 2577 797 2645 deorum
818 2577 901 2644 falsa
918 2576 1105 2654 divinitate,
1128 2575 1267 2664 origine.
1291 2575 1387 2650 uultu,

70 2666 73 2675 ’
174 2681 391 2770 turpitudine,
417 2671 557 2768 pernicie
564 2703 578 2756 3·
601 2679 704 2746 altera
711 2677 840 2746 ‘Christi
850 2681 955 2768 legem
974 2679 1134 2758 borlendc
1153 2679 1204 2746 ita
1224 2676 1388 2752 describit,

175 2789 215 2850 ut
228 2780 307 2869 baec
321 2781 485 2849 mirabiles
502 2803 580 2869 erge
592 2804 627 2848 se
641 2803 706 2848 non
720 2783 827 2871 possit
844 2807 908 2849 non
923 2783 1067 2852 excitare
1080 2802 1220 2850 umores.
1265 2783 1320 2850 De
1333 2779 1392 2846 diis

173 2889 301 2966 autem,
336 2907 417 2974 quos
438 2883 610 2952 commenti
633 2888 725 2964 sunt,
761 2886 826 2953 tria
846 2887 1052 2976 potissimum
1072 2885 1293 2976 animadverti
1311 2881 1393 2952 wll:

174 2989 342 3078 originem,
365 2991 404 3055 ut
418 2971 585 3078 appareat,
608 3009 705 3074 quam
719 2989 816 3080 longe
830 2991 940 3059 absint
951 2979 992 3056 ab
1007 2991 1140 3055 aeterna
1155 3011 1301 3080 veraque
1316 2985 1393 3052 diri·
1456 3019 1457 3110 p

91 3163 93 3168 ,
174 3093 279 3159 nitate
286 3115 295 3170 ;
319 3094 482 3172 naturam,
497 3092 646 3159 habitum
666 3094 863 3182 victumque}
886 3093 1004 3182 quibus
1022 3090 1168 3158 homines
1188 3091 1256 3181 ipsi
1276 3111 1394 3178 mos·
1456 3137 1457 3140 ,

173 3197 290 3260 cantur
305 3195 470 3274 scelerati3
506 3193 647 3275 cultum,
675 3198 760 3264 unde
780 3197 965 3286 voluptate,
987 3194 1136 3274 libidine,
1164 3196 1256 3262 o'mni
1279 3194 1394 3262 scelere
1456 3241 1457 3276 ,

174 3295 329 3365 delectari
344 3297 524 3364 videantur.
565 3293 736 3366 *Remoticr
750 3321 770 3366 a
785 3301 880 3388 culpa
894 3298 1019 3365 auctori
1039 3300 1111 3364 e‘es‘e
1131 3298 1267 3365 videtur
1286 3298 1393 3366 'cultus

173 3399 313 3478 divinus,
336 3399 392 3485 qui
412 3397 487 3465 huic
505 3421 612 3466 rerum
632 3403 738 3470 ordini
744 3453 756 3484 ‚
785 3401 933 3492 inprimis
954 3399 1014 3468 soli
1035 3401 1205 3487 stellisque
1225 3387 1393 3476 tribuitur,

173 3525 368 3590 quamquam
383 3503 436 3571 hio
449 3525 576 3591 quoque
592 3504 682 3594 turpi
699 3505 886 3592 ignorantia
904 3503 1046 3584 nitatur,
1069 3527 1134 3592 qua
1153 3494 1323 3584 homines,
1351 3499 1396 3569 rei

172 3609 301 3674 creatae
316 3605 556 3694 pulchritudine
570 3627 609 3672 ao
622 3609 826 3695 praestantia
839 3608 933 3695 qnasi
947 3607 1080 3676 attoniti
1091 3610 1126 3674 et
1141 3609 1335 3696 stupefacti,
1357 3601 1398 3672 ad

85 3739 86 3746 ¹
166 3712 351 3777 *creatorem
361 3709 636 3798 nonpervenient.
665 3709 897 3778 Insimulaoris
910 3709 1396 3800 autemvenerandis'tenquam

126 3804 130 3813 ‘
170 3813 234 3879 diis
250 3833 407 3880 summam
421 3812 528 3878 inesse
543 3811 728 3892 amentiam,
745 3835 827 3901 quae
841 3837 882 3882 ne
895 3817 929 3882 in
947 3811 1048 3882 simiis
1058 3813 1188 3900 quidem
1200 3816 1395 3904 reperiatur.

171 3914 387 4004 Philosophcs
402 3915 540 4002 denique
561 3920 791 4004 nonnunquam
814 3918 967 4005 attigisse
989 3917 1103 3985 saltem
1129 3917 1310 3986 veritatem
1329 3917 1393 3984 lar·
1456 3907 1457 3980 l

171 4017 270 4104 gitur.
314 4013 373 4084 Ao'
387 4018 526 4108 primum
552 4019 681 4110 quidem
699 4019 914 4088 Bacchanalia
939 4022 1189 4106 commemorat,
1212 4021 1252 4088 in
1278 4021 1393 4111 quibus
1456 4003 1457 4052 ³

172 4139 296 4186 sacrem
314 4119 423 4188 inesse
441 4121 601 4188 insaniam
630 4127 837 4214 (lepopcelcu)
858 4123 980 4208 dieit2),
1009 4145 1105 4211 quem
1125 4125 1394 4212 propterexole·
1456 4151 1457 4202 ἢ

170 4221 345 4289 mationem
361 4223 433 4291 eder
450 4223 690 4316 serpentesque,
706 4227 823 4314 quibus
839 4217 1041 4294 Bacchanter
1062 4223 1210 4300 redimiri
1232 4226 1394 4303 solebant,
1456 4219 1457 4248 ¹

168 4325 211 4424 ad
226 4323 341 4404 Evam,
363 4349 532 4417 perquam
547 4313 636 4398 error
656 4330 690 4398 in
710 4329 865 4398 mundum
886 4319 1037 4409 intrivit,
1060 4329 1202 4418 mystice
1228 4328 1393 4419 pertinere

170 4559 173 4570 “
222 4563 248 4630 ¹)
265 4577 291 4628 r.
303 4561 427 4636 4-1121.
440 4566 482 4622 lc.

100 4703 105 4710 .
224 4649 254 4716 ²)
270 4665 295 4718 p.
309 4650 349 4707 ll.
544 4657 550 4662 '
