2884 5058
685 335 909 402 '2761

679 423 881 443 Q

169 523 330 595 'eiusmodi
345 527 533 607 ἐκλεκτικὸς,
547 521 603 609 qui
617 543 721 609 neque
743 521 879 611 respuat
896 518 1074 608 quidquam
1092 516 1193 586 ut'ab
1213 515 1278 586 alio
1301 517 1396 604 agni-

177 635 260 713 tum,
279 623 384 714 neque
403 628 517 694 eontra
535 623 654 690 habeat
673 647 786 692 verum
807 623 942 690 eandem
965 620 1008 688 ob
1027 643 1177 700 oausam,
1202 619 1305 688 debet
1325 639 1396 687 esse

177 731 387 820 philosophus
403 729 547 818 optimus
561 727 698 814 quisque
712 729 747 794 et
763 726 813 793 sui
827 724 907 792 iuris
919 721 1016 812 quam
1029 723 1178 792 maxime.

236 833 320 900 ¹Sed·
329 833 587 919 sunt-praeterea
604 829 658 918 qui
668 828 875 896 'Clementem
889 827 1009 916 partim
1024 828 1135 894 dieunt
1148 823 1301 928 Stoicum
1316 843 1397 900 esse,

170 937 292 1026 partim
297 935 549 1022 Pythagoreum,
554 932 674 1022 partim
679 930 955 1020 Neoplatonieum,
961 931 1080 1020 partim
1086 928 1398 997 eliorumauetorum

173 1038 378 1126 discipulum,
394 1039 429 1102 et
442 1036 503 1101 hoo
516 1058 617 1102 unum
631 1036 761 1102 tantum
775 1033 874 1098 muer
888 1033 1053 1122 equidem,
1074 1031 1161 1122 quod
1178 1051 1274 1096 nemo
1291 1027 1397 1094 adhue

25 1119 29 1124 ¹
166 1163 249 1208 eum
271 1140 384 1206 feeerit
398 1137 605 1226 Epicureum.
650 1135 821 1218 Quomodo
841 1135 926 1201 enim
946 1135 1086 1224 probant
1098 1135 1145 1212 id,
1161 1131 1248 1222 quod
1262 1133 1397 1198 conteu-

170 1243 264 1321 dunt,
283 1241 339 1332 qui
354 1240 516 1322 Stoicum,
539 1239 697 1329 quomodo
709 1237 765 1328 qui
779 1237 1038 1324 Pythagoreum,
1058 1234 1217 1326 quomodo
1235 1235 1295 1324 qui
1310 1233 1392 1298 Neo·

170 1345 369 1435 platonicum
386 1364 460 1409 eum
474 1342 662 1432 appellant?
700 1341 786 1409 Sane
800 1339 967 1420 facillime,
992 1341 1012 1410 i.
1027 1361 1055 1405 e.
1071 1339 1140 1418 sine
1153 1337 1258 1404 multo
1272 1335 1389 1402 labore.

172 1444 356 1514 Conferant
370 1446 500 1534 singula
514 1445 669 1532 dogmata
683 1445 857 1535 quaedam,
878 1445 947 1512 sive
967 1441 1085 1511 similia
1106 1443 1216 1518 sunt,
1240 1440 1314 1506 sive
1338 1437 1390 1506 vi·

169 1549 331 1627 dentur,
352 1579 395 1600 ·-
419 1571 534 1638 parum
562 1547 679 1626 refert,
701 1585 742 1602 ·-
770 1547 950 1614 conferunt.
992 1546 1132 1612 Ioannes
1157 1539 1329 1620 Oleriaus,
1358 1542 1393 1606 ut

170 1650 414 1740 exemplemur,
430 1652 486 1741 qui
499 1645 701 1717 Clementem
712 1651 886 1717 ἐκλεκτικὸν
901 1671 974 1716 esse
988 1649 1068 1730 dioit
1082 1647 1123 1712 ad
1134 1645 1266 1714 Stoicos
1278 1647 1391 1710 tamen

170 1753 276 1840 magis
291 1752 470 1842 delapsum,
486 1751 667 1843 opinionem
683 1775 775 1818 suam
785 1751 941 1842 probasse
951 1751 1153 1825 sibividetur
1162 1747 1293 1816 oollatis
1307 1747 1394 1812 inter

172 1877 207 1922 se
233 1855 284 1922 his
307 1857 494 1934 sententiis,
524 1853 704 1922 Clementis
723 1855 869 1944 quidem:
893 1858 938 1922 ὅτι
950 1855 1041 1942 μόνος
1058 1851 1278 1941 χρῑατιανὸς
1296 1851 1392 1914 alot-

167 1983 245 2037 σιος,
274 1957 458 2026 Stoicorum
479 1961 603 2026 autem:
641 1960 686 2023 ὅτι
708 1959 797 2044 μόνος
826 1955 944 2043 σοφὸὲ
973 1957 1132 2027 πλούσιος.
1176 1951 1292 2035 Quum
1318 1951 1390 2019 Cle-

165 2081 256 2126 mens
289 2054 499 2127 hauddubie
528 2061 676 2127 consulto
701 2064 815 2126 eontra
833 2059 965 2126 virtutis
992 2057 1132 2148 speeiem
1152 2056 1255 2145 ponat
1283 2053 1390 2144 ipsam

164 2163 331 2241 virtutem,
347 2163 395 2230 Io.
411 2161 498 2230 Cler.
513 2161 598 2229 vidit
610 2163 645 2227 in
660 2161 830 2228 contrariis
847 2161 1018 2228 simillima.
1061 2159 1192 2225 Deinde
1211 2157 1329 2222 autem
1351 2177 1389 2222 ne

161 2257 426 2354 philosophorum
443 2265 597 2353 dogmata
612 2265 741 2354 quidem
756 2265 964 2332 eontinentur
975 2263 1084 2332 verbis
1099 2261 1174 2328 illis.
1199 2259 1248 2326 Et
1264 2259 1297 2324 si
1311 2281 1387 2326 oon·

161 2367 346 2446 tineentur,
360 2390 465 2457 neque
486 2369 528 2433 ad
544 2365 726 2434 Stoicorum
740 2367 987 2458 philosophandi
1007 2366 1167 2432 rationem
1186 2361 1387 2452 pertineant,

159 2491 268 2558 neque
280 2467 479 2536 Clementem
491 2470 676 2552 ostendant,
694 2467 799 2561 qualis
810 2469 908 2535 fuerit
919 2468 1140 2559 philosophus.
1166 2465 1238 2532 Alii
1253 2465 1388 2556 quidem

163 2570 356 2658 prudentius
371 2571 541 2658 elegerunt
555 2573 708 2660 dogmata
723 2571 948 2660 comparanda,
965 2573 1022 2638 sed
1037 2568 1238 2660 quaestionis
1253 2571 1387 2636 nostrae
1403 2616 1407 2626 .

165 2671 329 2739 cardinem
347 2695 388 2740 ne
403 2673 586 2760 attigerunt
600 2674 737 2764 quidem.
783 2673 875 2741 Cum
884 2674 1001 2764 quibus
1016 2674 1121 2762 igitur
1134 2692 1240 2761 neque
1253 2693 1314 2738 res
1329 2693 1384 2738 no·

158 2773 216 2842 ‘bis
230 2797 302 2846 esse
312 2779 431 2866 potest.
456 2775 660 2868 Quamquam
676 2777 947 2867 etiumhiquoque
963 2797 1193 2866 saepenumero
1208 2795 1248 2840 ea
1261 2774 1381 2863 placita

160 2878 341 2968 proferunt,
357 2902 440 2970 quae
456 2879 585 2969 quidem
592 2883 625 2947 et
633 2879 851 2948 inclementis
865 2880 1037 2970 seriptiset
1049 2879 1085 2945 in
1096 2899 1206 2945 eorum
1216 2877 1381 2965 operibus,

19 3035 21 3039 .
159 2971 662 3070 quosClementisauotoresesse
673 2983 797 3062 volunt,
812 2984 1034 3073 reperiuntur3
1047 2986 1083 3049 at
1097 3004 1174 3049 vero
1186 2980 1309 3048 horum
1322 3003 1384 3048 non

157 3083 207 3149 ita
223 3085 312 3160 sunt,
333 3087 372 3149 ut
387 3085 454 3151 sint
474 3086 603 3175 propria
623 3109 661 3152 ao
680 3085 817 3174 privata.
863 3086 929 3154 Sed
949 3085 977 3152 si
997 3085 1053 3172 qui
1073 3084 1172 3176 etiam
1191 3084 1330 3172 propria
1349 3104 1384 3148 ao

158 3185 287 3273 privata
300 3187 474 3274 reperiunt,
496 3188 576 3253 nihil
590 3189 830 3268 demonstrant,
853 3209 952 3277 quum
973 3187 1114 3254 debeant
1132 3185 1383 3276 philosophandi

158 3287 318 3354 rationem
337 3311 507 3378 exponere,
530 3290 570 3354 de
586 3295 693 3356 sectae
707 3289 915 3378 philosophae
928 3288 1039 3356 fructu
1053 3289 1193 3378 quodam
1207 3293 1362 3377 agentes.

223 3390 290 3472 Qui
301 3394 411 3456 autem
425 3413 509 3461 unus
525 3392 566 3456 ad
582 3391 760 3459 Clementis
770 3391 1014 3480 philosophandi
1028 3392 1187 3458 rationem
1200 3393 1381 3480 respiciens

158 3513 271 3558 revera
285 3492 325 3558 de
338 3492 410 3581 ipso
425 3491 614 3581 philosopho
630 3494 710 3558 satis
726 3495 852 3560 erudite
867 3517 905 3560 ao
920 3493 1083 3560 subtiliter
1098 3494 1264 3572 disseruit,
1282 3494 1379 3561 huius

155 3591 315 3672 libellum,
331 3594 478 3682 Augusti
492 3595 588 3660 Ferd.
603 3595 744 3662 Daehnii
759 3596 904 3684 quidem,
926 3619 999 3662 oum
1019 3596 1138 3682 gaudio
1157 3595 1240 3683 legi,
1261 3617 1379 3688 meque

157 3696 187 3763 ei
200 3719 265 3763 non
281 3717 377 3785 posse
391 3697 543 3773 assentiri
558 3697 704 3764 dolenter
723 3697 875 3785 fateor1).
919 3697 1088 3764 Daehhius
1103 3698 1207 3786 igitur
1223 3696 1377 3766 Clemen-

155 3800 222 3865 tem
240 3798 320 3864 faoit
334 3798 609 3888 Neoplatonieum.
652 3799 720 3865 Neo
740 3821 816 3865 vero
830 3800 900 3889 ipse
921 3821 994 3867 oum
1011 3800 1122 3867 multia
1137 3801 1216 3867 viris
1232 3803 1377 3868 ueterum

155 3899 292 3966 eruditis
307 3901 341 3965 in
356 3901 416 3968 hae
430 3904 540 3968 tamen
551 3925 589 3968 re
603 3891 716 3990 parum
730 3897 903 3987 diligenter
918 3925 956 3970 ao
971 3901 1135 3970 subtiliter
1144 3905 1288 3971 versatis
1299 3887 1375 3972 eon-

156 4003 267 4081 sentit,
284 4005 339 4093 qui
354 4001 627 4099 „Neoplatonioos
637 4003 844 4094 philosophos
855 4005 1025 4072 eoleoticoe
1037 4003 1280 4086 intellexerunt,
1293 4029 1373 4098 quos

154 4103 405 4194 Neoplatonioos
435 4105 509 4172 ideo
536 4105 740 4194 potissimum
761 4105 941 4195 appellatos
962 4107 1208 4186 existimarunt,
1229 4111 1319 4198 quod
1333 4133 1371 4176 ex

152 4205 299 4296 plurimis
315 4207 444 4298 quidem
459 4209 657 4298 philosophis
672 4209 836 4288 nonnulla,
857 4232 897 4278 ex
911 4211 1050 4277 Platone
1066 4232 1142 4276 vero
1156 4210 1299 4300 plurima
1309 4233 1372 4278 sua

152 4309 317 4388 iecissent,
337 4313 372 4378 et
385 4311 502 4378 Patres
518 4312 673 4400 quosdam
690 4312 725 4378 in
744 4333 855 4378 eorum
874 4335 1007 4380 numero
1026 4311 1225 4392 habueumt,
1251 4313 1370 4404 partim

125 4463 128 4472 ,
151 4416 323 4502 propterea
348 4415 551 4505 quodetiam
572 4413 644 4481 illos
670 4435 712 4481 ex
731 4413 882 4482 omnibus
901 4415 968 4484 iere
985 4414 1249 4507 philosophorum
1265 4416 1367 4495 saitis,

153 4549 354 4565 ''Q—-

207 4635 230 4705 1)
247 4636 587 4697 periermeniarum
598 4641 765 4700 Alexandrini
780 4647 828 4696 etc.
854 4642 925 4712 Aug.
938 4642 1011 4701 derd.
1023 4641 1140 4700 Durine.
1162 4637 1279 4713 lipsiae,
1293 4640 1363 4699 18³1.
