2830 5052
551 265 753 364 *na-a-

60 440 127 508 bira
146 446 327 514 summatim
346 449 573 520 ostendamus.
614 450 744 518 Deinde
763 451 874 518 autem
895 453 931 518 et
944 451 1100 520 adversus
1116 449 1263 522 Graecos

56 546 83 608 at
93 543 240 614 adversus
254 549 279 617 J
280 551 410 620 udaeoe
424 551 533 620 brevis
548 553 781 642 seripturarum
797 553 946 620 tradetur
959 553 1131 642 expositio.
1147 553 1262 622 ·Prae·

53 647 126 712 lerea
148 647 371 722 adnectentur
394 675 449 737 ea,
472 677 554 742 quae
575 657 835 746 propter'rerum
855 657 1098 724 multitudinem
1116 655 1151 722 in
1169 655 1261 724 libris

51 751 299 822 mteoedentibus
316 757 446 824 omissa
460 761 545 826 sunt.
590 757 719 840 Quibus
739 781 781 826 ex
799 757 967 848 proposito
986 757 1157 837 absolutis,
1178 781 1262 846 quae

49 849 289 924 denatmalibue
305 858 482 947 principiis
497 881 597 948 quum
612 858 775 928 aGraeeis
790 865 861 928 tum
875 859 917 927 ab
930 859 1003 926 aliis
1014 859 1161 928 barbaris
1172 862 1262 928 dicta

54 957 114 1033 aunt,
124 961 227 1044 prout
240 960 288 1026 ad
303 983 372 1030 nos
383 966 601 1050 pervenerunt
610 962 789 1052 opiniones,
800 985 931 1030 namara
940 962 1114 1052 oportebit,
1123 967 1158 1030 et
1168 985 1261 1052 praa·

6 1110 8 1123 .
50 1053 116 1142 duna
129 1081 258 1142 mum,
274 1085 369 1150 quaa
389 1063 623 1152 aphilosophis
646 1072 725 1138 suut
737 1065 934 1153 excogitata,
949 1065 1100 1153 aggredi3
1115 1065 1259 1155 philoso-

42 1157 230 1244 Pl152¹Jrero
246 1187 426 1255 percursa,
440 1166 507 1245 illa,
520 1190 605 1254 quae
625 1167 666 1234 de
681 1167 852 1256 prophetia
866 1166 989 1234 tradita
1004 1171 1091 1248 suut,
1106 1169 1257 1260 deinceps

40 1261 252 1346 meabimus,
264 1273 328 1348 ut,
344 1291 444 1356 quum
459 1270 558 1336 etiam
573 1270 764 1358 scripturas,
780 1269 898 1360 quibus
911 1269 1117 1349 credidimus,
1132 1271 1257 1338 validas

38 1365 156 1431 saraim
178 1389 262 1436 esse
285 1371 509 1460 omnipotenti
528 1373 725 1440 auctoritate
744 1371 1083 1454 demonstraverimus,
1104 1373 1256 1462 progredi

37 1483 78 1546 par
98 1466 186 1554 ipsas
216 1473 318 1540 serie
342 1473 506 1560 possimus
536 1474 749 1562 omnibusque
773 1474 849 1540 bine
873 1472 1061 1540 haeresibus
1085 1473 1256 1540 ostendere

36 1561 107 1632 deum
121 1593 242 1652 unum,
261 1578 306 1642 et
321 1575 499 1644 Dominum
514 1578 779 1665 omnipotentem,
794 1579 830 1644 et
843 1595 901 1663 per
914 1573 1038 1662 Legem
1053 1577 1088 1642 et
1101 1597 1159 1664 per
1173 1575 1255 1644 Pro·

35 1664 126 1748 Pietas
137 1677 179 1741 et
193 1698 264 1766 per
281 1677 639 1766 beatumEvangelium
654 1701 728 1746 vere
739 1678 970 1768 praedicatum.
991 1675 1068 1758 Sed,
1080 1677 1166 1765 quod
1178 1699 1255 1746 con·

37 1787 148 1858 nequens
168 1779 293 1846 etiam
311 1778 422 1858 inerit,
443 1804 510 1861 eos,
531 1782 587 1868 qui
609 1780 778 1870 seripturis
803 1779 887 1848 falso
912 1781 1192 1868 argumentantur,
1213 1801 1278 1852 ex,

38 1866 94 1952 llll!
105 1897 248 1966 quoque
265 1881 508 1950 oonviuoemus.
539 1883 690 1970 Denique
704 1883 746 1950 ad
760 1883 944 1970 gnosticam
958 1886 1095 1950 naturae
1108 1886 1254 1950 oontem-

43 1969 190 2054 Ilalunem
206 1983 446 2064 transibimus,
461 1985 571 2074 parvis
585 1990 662 2050 ente
677 2007 796 2072 magna
809 1985 931 2050 initiati
944 1983 1112 2072 mysteria,
1124 1987 1163 2050 ut
1173 1983 1254 2050 nihil

41 2071 322 2169 dtinpedimento
337 2086 465 2154 divinae
479 2111 554 2155 vere
569 2109 733 2154 saororum
747 2085 1016 2176 interpretationi
1049 2087 1102 2154 Ae
1115 2089 1253 2154 naturae

37 2176 139 2258 laidem
166 2187 358 2278 diseiplina
387 2191 562 2258 seeundum
586 2189 736 2256 veritatis
761 2186 906 2274 regulam
931 2187 1097 2266 instituta,
1124 2187 1176 2254 vel
1199 2188 1251 2256 iu-

33 2284 400 2378 testimoniisque
421 2293 570 2380 gnostica
594 2291 770 2358 traditione
792 2287 980 2376 aequiritur,
1002 2289 1090 2358 iacto
1111 2289 1153 2356 ab
1175 2291 1250 2358 ortu

34 2387 122 2453 nundi
135 2390 257 2472 initio,
279 2394 355 2460 inde
375 2395 417 2460 ad
437 2418 545 2462 rerum
564 2393 745 2487 divinarum
766 2391 1069 2480 contemplationem
1083 2392 1248 2460 ascendet.

33 2478 108 2553 Unde
123 2495 327 2562 traditionis
342 2497 534 2585 principium
551 2519 571 2562 a
585 2496 757 2574 creatione,
772 2517 831 2584 per
845 2493 1028 2582 Prophetas
1044 2493 1170 2578 edocta,
1186 2495 1247 2562 dn-

32 2601 133 2671 uenus,
149 2601 279 2664 eontra
292 2601 450 2687 ponentes
464 2600 583 2686 partim
598 2621 647 2676 ea,
670 2621 752 2686 quae
766 2598 808 2664 ab
822 2597 1028 2664 heterodoxis
1044 2597 1247 2666 contendun-

29 2685 78 2766 tur,
92 2699 137 2774 et,
159 2683 281 2785 quoad
301 2725 321 2768 a
339 2701 433 2768 nobis
445 2701 523 2766 dieri
542 2702 674 2789 poterit,
695 2700 816 2766 diluere
838 2701 955 2768 eonati.
999 2699 1066 2768 sed
1080 2699 1159 2766 haee
1173 2700 1246 2788 qui·

31 2783 96 2871 lem,
112 2819 223 2884 quum
240 2803 321 2868 deus
336 2803 476 2872 voluerit
495 2806 531 2870 et
552 2801 820 2888 quemadmodum
839 2803 911 2891 ipse
930 2802 1149 2890 inspiraverit,
1164 2801 1245 2870 sori-

30 2884 149 2980 bentur3
171 2927 268 2972 nuno
282 2908 392 2973 autem
408 2905 663 2992 aggrediendum
678 2902 788 2982 estid,
804 2904 891 2989 quod
903 2902 1195 2992 luitpropositum,
1211 2905 1246 2972 et

31 2990 225 3076 absolvenda
236 3005 276 3072 de
289 3007 433 3074 moribus
448 3005 638 3096 disputatio.

77 3099 176 3174 Haeo
187 3108 378 3178 adverbum
387 3107 454 3172 iere
463 3106 537 3174 libri
548 3106 597 3176 IV
609 3105 772 3195 prooemio
783 3105 999 3184 eontinentur,
1011 3104 1102 3172 ouius
1114 3104 1243 3174 annolu-

31 3195 78 3278 sio,
89 3227 157 3276 non
173 3211 285 3284 omnia
295 3232 333 3278 eo
344 3209 504 3298 promissa
514 3210 547 3276 in
559 3208 620 3286 boo
629 3207 712 3276 libro
722 3209 762 3276 iri
773 3209 961 3286 tractatum,
973 3207 1126 3276 ostendit.
1140 3209 1242 3276 Polli-

30 3305 108 3374 uetus
127 3313 246 3400 potius
267 3333 315 3391 ea,
341 3334 424 3398 quae
449 3314 520 3378 erat
534 3311 663 3398 quidem
684 3311 718 3378 in
740 3310 915 3380 Stromatis
929 3313 1166 3400 praestaturus,
1181 3335 1241 3378 neo

33 3400 128 3478 tmnan
142 3413 251 3493 libris,
266 3413 322 3501 qui
337 3417 479 3492 exstant,
495 3412 685 3502 praestavit.
712 3413 777 3480 Sed
792 3418 965 3502 antequam
978 3413 1087 3503 ipsum
1101 3415 1175 3484 libri
1189 3414 1240 3483 IV

30 3520 251 3593 argumentum
264 3516 401 3594 orditur,
416 3515 533 3582 iterum
550 3514 751 3584 Stromatum
772 3517 913 3584 indolem
932 3539 970 3584 ao
986 3517 1081 3584 finem
1096 3518 1240 3607 exponit,

32 3608 111 3680 cuius
127 3617 342 3708 expositionis
361 3617 441 3686 haee
460 3619 559 3686 verba
577 3619 724 3706 inprimis
744 3620 1029 3688 animadvertenda
1043 3625 1154 3698 sunt„
1176 3619 1242 3686 Est

31 3725 95 3798 ergo
109 3717 145 3787 in
160 3721 280 3809 exiguo
294 3721 399 3810 spatio
414 3721 519 3788 multe
533 3721 690 3799 seminum
704 3723 857 3810 genitalis
871 3724 965 3812 eopia
979 3745 1090 3802 eorum
1105 3723 1240 3808 dogma-

35 3808 102 3900 tum,
119 3845 204 3914 quae
218 3823 533 3912 eomprehenduntur
550 3823 611 3893 hoo
629 3847 735 3914 opere,
756 3826 842 3912 quod
857 3825 961 3896 simile
976 3827 1029 3892 est
1046 3845 1139 3910 agro
1159 3843 1239 3888 om-

31 3914 134 4025 {libus
161 3925 295 3997 barbis
320 3925 453 4016 pleno,
483 3926 598 3999 nteit
629 3927 809 4018 Scriptura.
861 3927 990 4014 Quibus
1015 3924 1165 4014 montius,
1190 3924 1239 4001 ita

32 4022 145 4112 moipit.
897 4057 900 4064 ·
1219 4111 1221 4118 y

84 4125 153 4198 Iam
177 4128 281 4216 igitur
303 4151 369 4206 non
393 4128 522 4198 eredere
541 4130 670 4218 quidem
690 4133 832 4212 veritati,
858 4130 953 4198 affert
977 4130 1125 4209 mortem,
1152 4129 1239 4209 siout

34 4227 147 4302 tradere
161 4233 274 4301 vitam.
318 4229 444 4302 Contra
462 4236 570 4304 autem
592 4233 757 4310 mendacio
771 4232 911 4314 eredere,
931 4256 997 4302 non
1015 4233 1145 4304 eredere
1159 4255 1236 4324 vero

38 4377 224 4404 '‘Qu-*nnn*

81 4469 103 4538 1)
117 4473 172 4526 Hoc
183 4471 240 4544 loeo
251 4472 401 4546 θεολογίας
410 4474 480 4529 haud
493 4475 569 4528 dubie
580 4487 626 4542 pro
638 4469 808 4542 φιλοσοφίας
818 4473 926 4541 irrepsit,
934 4469 1008 4542 'quod
1026 4478 1114 4542 aperte
1124 4466 1236 4537 poam
1295 4521 1299 4529 ,
1311 4439 1315 4446 ’

39 4557 342 4630 uisuomconequenua
382 4569 387 4600 ²
1161 4579 1165 4591 ¹
