<?xml version="1.0" encoding="UTF-8"?>
<!DOCTYPE html PUBLIC "-//W3C//DTD XHTML 1.0 Transitional//EN"
    "http://www.w3.org/TR/xhtml1/DTD/xhtml1-transitional.dtd">
<html xmlns="http://www.w3.org/1999/xhtml" xml:lang="en" lang="en">
 <head>
  <title>
</title>
<meta http-equiv="Content-Type" content="text/html;charset=utf-8" />
  <meta name='ocr-system' content='tesseract 3.04.00' />
  <meta name='ocr-capabilities' content='ocr_page ocr_carea ocr_par ocr_line ocrx_word'/>
</head>
<body>
  <div class='ocr_page' id='page_1' title='image "./clemente00reingoog_0228.png"; bbox 0 0 2820 5052; ppageno 0'>
   <div class='ocr_carea' id='block_1_1' title="bbox 523 285 821 404">
    <p class='ocr_par' dir='ltr' id='par_1_1' title="bbox 523 285 821 404">
     <span class='ocr_line' id='line_1_1' title="bbox 523 285 821 404; baseline -0.007 -36"><span class='ocrx_word' id='word_1_1' title='bbox 523 319 527 328; x_wconf 63' lang='lat'>=</span> <span class='ocrx_word' id='word_1_2' title='bbox 609 285 701 368; x_wconf 75' lang='lat' dir='ltr'><strong>‘am</strong></span> <span class='ocrx_word' id='word_1_3' title='bbox 818 394 821 404; x_wconf 25' lang='grc' dir='ltr'><strong><em>Ι</em></strong></span> 
     </span>
    </p>
   </div>
   <div class='ocr_carea' id='block_1_2' title="bbox 7 483 1395 4672">
    <p class='ocr_par' dir='ltr' id='par_1_2' title="bbox 68 483 1273 576">
     <span class='ocr_line' id='line_1_2' title="bbox 68 483 1273 576; baseline 0.001 -25"><span class='ocrx_word' id='word_1_4' title='bbox 68 485 140 551; x_wconf 86' lang='lat' dir='ltr'><strong>ritus</strong></span> <span class='ocrx_word' id='word_1_5' title='bbox 159 483 334 554; x_wconf 82' lang='lat' dir='ltr'><strong>alacritate</strong></span> <span class='ocrx_word' id='word_1_6' title='bbox 352 485 441 554; x_wconf 87' lang='lat' dir='ltr'><strong>illam</strong></span> <span class='ocrx_word' id='word_1_7' title='bbox 461 487 604 576; x_wconf 78' lang='lat' dir='ltr'><strong>assecuti</strong></span> <span class='ocrx_word' id='word_1_8' title='bbox 623 487 810 562; x_wconf 74' lang='lat' dir='ltr'><strong>essentiam,</strong></span> <span class='ocrx_word' id='word_1_9' title='bbox 835 509 917 574; x_wconf 88' lang='lat' dir='ltr'><strong>quae</strong></span> <span class='ocrx_word' id='word_1_10' title='bbox 935 487 1044 555; x_wconf 86' lang='lat' dir='ltr'><strong>mente</strong></span> <span class='ocrx_word' id='word_1_11' title='bbox 1063 483 1273 573; x_wconf 87' lang='lat' dir='ltr'><strong>comprehen-</strong></span> 
     </span>
    </p>

    <p class='ocr_par' dir='ltr' id='par_1_3' title="bbox 11 587 1392 1599">
     <span class='ocr_line' id='line_1_3' title="bbox 11 587 1273 676; baseline -0.001 -24"><span class='ocrx_word' id='word_1_12' title='bbox 11 631 12 636; x_wconf 20' lang='grc' dir='ltr'><strong>κ</strong></span> <span class='ocrx_word' id='word_1_13' title='bbox 67 587 159 664; x_wconf 73' lang='lat' dir='ltr'><strong>ditum</strong></span> <span class='ocrx_word' id='word_1_14' title='bbox 181 592 341 656; x_wconf 87' lang='lat' dir='ltr'><strong>conantes</strong></span> <span class='ocrx_word' id='word_1_15' title='bbox 366 593 475 658; x_wconf 83' lang='lat' dir='ltr'><strong>autem</strong></span> <span class='ocrx_word' id='word_1_16' title='bbox 501 615 566 658; x_wconf 87' lang='lat' dir='ltr'><strong>nna</strong></span> <span class='ocrx_word' id='word_1_17' title='bbox 592 613 665 658; x_wconf 91' lang='lat' dir='ltr'><strong>cum</strong></span> <span class='ocrx_word' id='word_1_18' title='bbox 691 611 837 656; x_wconf 83' lang='lat' dir='ltr'><strong>sermone</strong></span> <span class='ocrx_word' id='word_1_19' title='bbox 863 612 979 676; x_wconf 84' lang='lat' dir='ltr'><strong>corpus</strong></span> <span class='ocrx_word' id='word_1_20' title='bbox 1004 609 1131 676; x_wconf 85' lang='lat' dir='ltr'><strong>qnoque</strong></span> <span class='ocrx_word' id='word_1_21' title='bbox 1151 611 1171 652; x_wconf 87' lang='lat' dir='ltr'><strong>a</strong></span> <span class='ocrx_word' id='word_1_22' title='bbox 1184 591 1273 672; x_wconf 83' lang='lat' dir='ltr'><strong>terra</strong></span> 
     </span>
     <span class='ocr_line' id='line_1_4' title="bbox 66 689 1284 784; baseline -0.002 -28"><span class='ocrx_word' id='word_1_23' title='bbox 66 689 213 757; x_wconf 88' lang='lat' dir='ltr'><strong>abducere</strong></span> <span class='ocrx_word' id='word_1_24' title='bbox 240 691 446 778; x_wconf 87' lang='lat' dir='ltr'><strong>animamque</strong></span> <span class='ocrx_word' id='word_1_25' title='bbox 472 693 633 780; x_wconf 80' lang='lat' dir='ltr'><strong>eiigentes</strong></span> <span class='ocrx_word' id='word_1_26' title='bbox 660 689 828 758; x_wconf 83' lang='lat' dir='ltr'><strong>meliorum</strong></span> <span class='ocrx_word' id='word_1_27' title='bbox 848 691 1007 760; x_wconf 84' lang='lat' dir='ltr'><strong>desiderio</strong></span> <span class='ocrx_word' id='word_1_28' title='bbox 1027 691 1087 756; x_wconf 91' lang='lat' dir='ltr'><strong>alis</strong></span> <span class='ocrx_word' id='word_1_29' title='bbox 1107 690 1284 784; x_wconf 76' lang='lat' dir='ltr'><strong>donatam,¹</strong></span> 
     </span>
     <span class='ocr_line' id='line_1_5' title="bbox 67 793 1271 882; baseline -0.001 -26"><span class='ocrx_word' id='word_1_30' title='bbox 67 813 171 877; x_wconf 88' lang='lat' dir='ltr'><strong>magno</strong></span> <span class='ocrx_word' id='word_1_31' title='bbox 186 793 299 858; x_wconf 91' lang='lat' dir='ltr'><strong>animo</strong></span> <span class='ocrx_word' id='word_1_32' title='bbox 314 795 420 861; x_wconf 86' lang='lat' dir='ltr'><strong>carnis</strong></span> <span class='ocrx_word' id='word_1_33' title='bbox 435 795 598 862; x_wconf 87' lang='lat' dir='ltr'><strong>vinculum</strong></span> <span class='ocrx_word' id='word_1_34' title='bbox 614 793 841 882; x_wconf 83' lang='lat' dir='ltr'><strong>despicientes,</strong></span> <span class='ocrx_word' id='word_1_35' title='bbox 856 794 892 858; x_wconf 92' lang='lat' dir='ltr'><strong>in</strong></span> <span class='ocrx_word' id='word_1_36' title='bbox 906 793 1180 879; x_wconf 75' lang='lat' dir='ltr'><strong>sancta.cogimus</strong></span> <span class='ocrx_word' id='word_1_37' title='bbox 1195 814 1271 878; x_wconf 88' lang='lat' dir='ltr'><strong>pro-</strong></span> 
     </span>
     <span class='ocr_line' id='line_1_6' title="bbox 66 893 1269 983; baseline 0.003 -25"><span class='ocrx_word' id='word_1_38' title='bbox 66 893 150 979; x_wconf 82' lang='lat' dir='ltr'><strong>gredi.</strong></span> <span class='ocrx_word' id='word_1_39' title='bbox 174 894 461 976; x_wconf 80' lang='lat' dir='ltr'><strong>Quemadmodum</strong></span> <span class='ocrx_word' id='word_1_40' title='bbox 477 897 562 963; x_wconf 90' lang='lat' dir='ltr'><strong>enim</strong></span> <span class='ocrx_word' id='word_1_41' title='bbox 575 896 695 964; x_wconf 64' lang='lat' dir='ltr'><strong>«Iudaei</strong></span> <span class='ocrx_word' id='word_1_42' title='bbox 706 897 909 982; x_wconf 84' lang='lat' dir='ltr'><strong>Aegyptum,</strong></span> <span class='ocrx_word' id='word_1_43' title='bbox 926 897 973 962; x_wconf 91' lang='lat' dir='ltr'><strong>sic</strong></span> <span class='ocrx_word' id='word_1_44' title='bbox 983 895 1152 983; x_wconf 85' lang='lat' dir='ltr'><strong>gnosticas</strong></span> <span class='ocrx_word' id='word_1_45' title='bbox 1163 898 1269 962; x_wconf 88' lang='lat' dir='ltr'><strong>totum</strong></span> 
     </span>
     <span class='ocr_line' id='line_1_7' title="bbox 67 996 1271 1086; baseline 0.009 -27"><span class='ocrx_word' id='word_1_46' title='bbox 67 996 208 1062; x_wconf 87' lang='lat' dir='ltr'><strong>mundum</strong></span> <span class='ocrx_word' id='word_1_47' title='bbox 225 1000 438 1078; x_wconf 79' lang='lat' dir='ltr'>transcendit,</span> <span class='ocrx_word' id='word_1_48' title='bbox 454 1005 493 1066; x_wconf 89' lang='lat' dir='ltr'><strong>ut</strong></span> <span class='ocrx_word' id='word_1_49' title='bbox 508 1021 543 1066; x_wconf 91' lang='lat' dir='ltr'><strong>sc</strong></span> <span class='ocrx_word' id='word_1_50' title='bbox 557 998 700 1065; x_wconf 81' lang='lat' dir='ltr'><strong>deciore</strong></span> <span class='ocrx_word' id='word_1_51' title='bbox 714 1021 812 1084; x_wconf 87' lang='lat' dir='ltr'><strong>quam</strong></span> <span class='ocrx_word' id='word_1_52' title='bbox 831 999 1146 1086; x_wconf 85' lang='lat' dir='ltr'><strong>proximum-aperte</strong></span> <span class='ocrx_word' id='word_1_53' title='bbox 1159 1001 1271 1070; x_wconf 68' lang='lat' dir='ltr'><strong>osten.</strong></span> 
     </span>
     <span class='ocr_line' id='line_1_8' title="bbox 68 1095 1270 1188; baseline 0.005 -27"><span class='ocrx_word' id='word_1_54' title='bbox 68 1095 118 1162; x_wconf 81' lang='lat' dir='ltr'><strong>ot.</strong></span> <span class='ocrx_word' id='word_1_55' title='bbox 161 1097 323 1168; x_wconf 82' lang='lat' dir='ltr'><strong>Nonnulli</strong></span> <span class='ocrx_word' id='word_1_56' title='bbox 340 1103 471 1188; x_wconf 91' lang='lat' dir='ltr'><strong>quidem</strong></span> <span class='ocrx_word' id='word_1_57' title='bbox 491 1103 597 1168; x_wconf 85' lang='lat' dir='ltr'><strong>certas</strong></span> <span class='ocrx_word' id='word_1_58' title='bbox 616 1100 724 1178; x_wconf 89' lang='lat' dir='ltr'><strong>horas,</strong></span> <span class='ocrx_word' id='word_1_59' title='bbox 750 1099 951 1176; x_wconf 70' lang='lat' dir='ltr'><strong>artemiam,</strong></span> <span class='ocrx_word' id='word_1_60' title='bbox 978 1103 1114 1178; x_wconf 79' lang='lat' dir='ltr'><strong>sentam,</strong></span> <span class='ocrx_word' id='word_1_61' title='bbox 1141 1121 1270 1180; x_wconf 85' lang='lat' dir='ltr'><strong>nonam,</strong></span> 
     </span>
     <span class='ocr_line' id='line_1_9' title="bbox 66 1197 1271 1291; baseline 0.002 -27"><span class='ocrx_word' id='word_1_62' title='bbox 66 1201 233 1285; x_wconf 86' lang='lat' dir='ltr'><strong>precationi</strong></span> <span class='ocrx_word' id='word_1_63' title='bbox 251 1205 474 1283; x_wconf 81' lang='lat' dir='ltr'><strong>constituunt3</strong></span> <span class='ocrx_word' id='word_1_64' title='bbox 498 1207 535 1270; x_wconf 89' lang='lat' dir='ltr'><strong>at</strong></span> <span class='ocrx_word' id='word_1_65' title='bbox 548 1204 718 1291; x_wconf 87' lang='lat' dir='ltr'><strong>gnosticos</strong></span> <span class='ocrx_word' id='word_1_66' title='bbox 733 1203 807 1270; x_wconf 86' lang='lat' dir='ltr'><strong>orat</strong></span> <span class='ocrx_word' id='word_1_67' title='bbox 819 1224 878 1290; x_wconf 85' lang='lat' dir='ltr'><strong>por</strong></span> <span class='ocrx_word' id='word_1_68' title='bbox 891 1205 996 1270; x_wconf 88' lang='lat' dir='ltr'><strong>totam</strong></span> <span class='ocrx_word' id='word_1_69' title='bbox 1011 1203 1123 1270; x_wconf 91' lang='lat' dir='ltr'><strong>vitam.</strong></span> <span class='ocrx_word' id='word_1_70' title='bbox 1142 1197 1271 1284; x_wconf 83' lang='lat' dir='ltr'><strong>Quam·</strong></span> 
     </span>
     <span class='ocr_line' id='line_1_10' title="bbox 66 1303 1325 1408; baseline 0.005 -43"><span class='ocrx_word' id='word_1_71' title='bbox 66 1321 148 1385; x_wconf 88' lang='lat' dir='ltr'><strong>quam</strong></span> <span class='ocrx_word' id='word_1_72' title='bbox 162 1303 277 1371; x_wconf 88' lang='lat' dir='ltr'><strong>tribus</strong></span> <span class='ocrx_word' id='word_1_73' title='bbox 292 1305 356 1372; x_wconf 89' lang='lat' dir='ltr'><strong>illis</strong></span> <span class='ocrx_word' id='word_1_74' title='bbox 376 1305 463 1372; x_wconf 90' lang='lat' dir='ltr'><strong>horis</strong></span> <span class='ocrx_word' id='word_1_75' title='bbox 484 1306 582 1374; x_wconf 87' lang='lat' dir='ltr'><strong>beata</strong></span> <span class='ocrx_word' id='word_1_76' title='bbox 596 1305 760 1372; x_wconf 89' lang='lat' dir='ltr'><strong>indicatur</strong></span> <span class='ocrx_word' id='word_1_77' title='bbox 782 1307 968 1372; x_wconf 83' lang='lat' dir='ltr'><strong>sanctarum</strong></span> <span class='ocrx_word' id='word_1_78' title='bbox 988 1305 1191 1371; x_wconf 70' lang='lat' dir='ltr'><strong>mansionum</strong></span> <span class='ocrx_word' id='word_1_79' title='bbox 1203 1303 1271 1371; x_wconf 37' lang='lat' dir='ltr'><strong>*tri-</strong></span> <span class='ocrx_word' id='word_1_80' title='bbox 1319 1381 1325 1408; x_wconf 46' lang='lat'><em>&#39;</em></span> 
     </span>
     <span class='ocr_line' id='line_1_11' title="bbox 62 1401 1392 1493; baseline 0.007 -28"><span class='ocrx_word' id='word_1_81' title='bbox 62 1401 146 1470; x_wconf 89' lang='lat' dir='ltr'><strong>nitas.</strong></span> <span class='ocrx_word' id='word_1_82' title='bbox 190 1407 246 1474; x_wconf 91' lang='lat' dir='ltr'><strong>At</strong></span> <span class='ocrx_word' id='word_1_83' title='bbox 265 1429 342 1474; x_wconf 87' lang='lat' dir='ltr'><strong>vero</strong></span> <span class='ocrx_word' id='word_1_84' title='bbox 362 1407 493 1476; x_wconf 87' lang='lat' dir='ltr'><strong>Prodici</strong></span> <span class='ocrx_word' id='word_1_85' title='bbox 516 1408 675 1476; x_wconf 78' lang='lat' dir='ltr'><strong>haeresim</strong></span> <span class='ocrx_word' id='word_1_86' title='bbox 700 1409 814 1486; x_wconf 89' lang='lat' dir='ltr'><strong>secuti,</strong></span> <span class='ocrx_word' id='word_1_87' title='bbox 837 1410 924 1483; x_wconf 85' lang='lat' dir='ltr'><strong>snut,</strong></span> <span class='ocrx_word' id='word_1_88' title='bbox 950 1405 1005 1493; x_wconf 89' lang='lat' dir='ltr'><strong>qui</strong></span> <span class='ocrx_word' id='word_1_89' title='bbox 1031 1406 1187 1474; x_wconf 86' lang='lat' dir='ltr'><strong>orandum</strong></span> <span class='ocrx_word' id='word_1_90' title='bbox 1205 1429 1272 1474; x_wconf 89' lang='lat' dir='ltr'><strong>non</strong></span> <span class='ocrx_word' id='word_1_91' title='bbox 1389 1451 1392 1456; x_wconf 53' lang='lat'>2</span> 
     </span>
     <span class='ocr_line' id='line_1_12' title="bbox 64 1493 1270 1599; baseline 0.005 -31"><span class='ocrx_word' id='word_1_92' title='bbox 64 1525 123 1570; x_wconf 91' lang='lat' dir='ltr'><strong>esse</strong></span> <span class='ocrx_word' id='word_1_93' title='bbox 146 1506 304 1576; x_wconf 88' lang='lat' dir='ltr'><strong>doceant.</strong></span> <span class='ocrx_word' id='word_1_94' title='bbox 346 1511 422 1578; x_wconf 90' lang='lat' dir='ltr'><strong>Hoc</strong></span> <span class='ocrx_word' id='word_1_95' title='bbox 441 1493 556 1579; x_wconf 50' lang='lat' dir='ltr'><strong>&#39;autem</strong></span> <span class='ocrx_word' id='word_1_96' title='bbox 580 1511 737 1599; x_wconf 87' lang='lat' dir='ltr'><strong>placitum</strong></span> <span class='ocrx_word' id='word_1_97' title='bbox 766 1535 786 1576; x_wconf 90' lang='lat' dir='ltr'><strong>a</strong></span> <span class='ocrx_word' id='word_1_98' title='bbox 811 1508 1001 1598; x_wconf 80' lang='lat' dir='ltr'><strong>Cyrenaicis</strong></span> <span class='ocrx_word' id='word_1_99' title='bbox 1021 1507 1164 1584; x_wconf 67' lang='lat' dir='ltr'><strong>mutuati</strong></span> <span class='ocrx_word' id='word_1_100' title='bbox 1185 1511 1270 1578; x_wconf 84' lang='lat' dir='ltr'><strong>eunt</strong></span> 
     </span>
    </p>

    <p class='ocr_par' dir='ltr' id='par_1_4' title="bbox 7 1604 1349 2318">
     <span class='ocr_line' id='line_1_13' title="bbox 7 1604 1270 1702; baseline 0.006 -31"><span class='ocrx_word' id='word_1_101' title='bbox 7 1653 9 1657; x_wconf 33' lang='lat' dir='ltr'>s</span> <span class='ocrx_word' id='word_1_102' title='bbox 63 1604 118 1672; x_wconf 88' lang='lat' dir='ltr'><strong>Sed</strong></span> <span class='ocrx_word' id='word_1_103' title='bbox 132 1613 253 1678; x_wconf 88' lang='lat' dir='ltr'><strong>contra</strong></span> <span class='ocrx_word' id='word_1_104' title='bbox 267 1612 327 1680; x_wconf 91' lang='lat' dir='ltr'><strong>hos</strong></span> <span class='ocrx_word' id='word_1_105' title='bbox 342 1613 522 1680; x_wconf 85' lang='lat' dir='ltr'><strong>haereticos</strong></span> <span class='ocrx_word' id='word_1_106' title='bbox 537 1617 682 1702; x_wconf 88' lang='lat' dir='ltr'><strong>tempore</strong></span> <span class='ocrx_word' id='word_1_107' title='bbox 696 1615 857 1691; x_wconf 81' lang='lat' dir='ltr'><strong>dicemns3</strong></span> <span class='ocrx_word' id='word_1_108' title='bbox 879 1635 966 1680; x_wconf 92' lang='lat' dir='ltr'><strong>nunc</strong></span> <span class='ocrx_word' id='word_1_109' title='bbox 979 1635 1065 1690; x_wconf 88' lang='lat' dir='ltr'><strong>vero,</strong></span> <span class='ocrx_word' id='word_1_110' title='bbox 1085 1609 1270 1698; x_wconf 86' lang='lat' dir='ltr'><strong>gnosticum</strong></span> 
     </span>
     <span class='ocr_line' id='line_1_14' title="bbox 64 1709 1349 1817; baseline 0.005 -44"><span class='ocrx_word' id='word_1_111' title='bbox 64 1709 153 1778; x_wconf 88' lang='lat' dir='ltr'><strong>solum</strong></span> <span class='ocrx_word' id='word_1_112' title='bbox 169 1735 250 1780; x_wconf 86' lang='lat' dir='ltr'><strong>vere</strong></span> <span class='ocrx_word' id='word_1_113' title='bbox 263 1715 317 1780; x_wconf 89' lang='lat' dir='ltr'><strong>dei</strong></span> <span class='ocrx_word' id='word_1_114' title='bbox 331 1717 404 1782; x_wconf 88' lang='lat' dir='ltr'><strong>es&#39;se</strong></span> <span class='ocrx_word' id='word_1_115' title='bbox 418 1716 586 1817; x_wconf 80' lang='lat' dir='ltr'><strong>cultorem,</strong></span> <span class='ocrx_word' id='word_1_116' title='bbox 603 1716 785 1803; x_wconf 83' lang='lat' dir='ltr'><strong>omniaque,</strong></span> <span class='ocrx_word' id='word_1_117' title='bbox 801 1739 883 1803; x_wconf 86' lang='lat' dir='ltr'><strong>quac</strong></span> <span class='ocrx_word' id='word_1_118' title='bbox 897 1716 951 1784; x_wconf 89' lang='lat' dir='ltr'><strong>vel</strong></span> <span class='ocrx_word' id='word_1_119' title='bbox 964 1717 1058 1804; x_wconf 86' lang='lat' dir='ltr'><strong>petat</strong></span> <span class='ocrx_word' id='word_1_120' title='bbox 1072 1714 1123 1780; x_wconf 87' lang='lat' dir='ltr'><strong>vel</strong></span> <span class='ocrx_word' id='word_1_121' title='bbox 1135 1713 1269 1800; x_wconf 84' lang='lat' dir='ltr'><strong>cogitet,</strong></span> <span class='ocrx_word' id='word_1_122' title='bbox 1342 1709 1349 1728; x_wconf 71' lang='lat'>⁸</span> 
     </span>
     <span class='ocr_line' id='line_1_15' title="bbox 63 1813 1270 1905; baseline 0.003 -27"><span class='ocrx_word' id='word_1_123' title='bbox 63 1813 149 1882; x_wconf 88' lang='lat' dir='ltr'><strong>adeo</strong></span> <span class='ocrx_word' id='word_1_124' title='bbox 170 1817 323 1905; x_wconf 86' lang='lat' dir='ltr'><strong>accipere</strong></span> <span class='ocrx_word' id='word_1_125' title='bbox 342 1839 516 1904; x_wconf 89' lang='lat' dir='ltr'><strong>pergamus</strong></span> <span class='ocrx_word' id='word_1_126' title='bbox 536 1819 715 1888; x_wconf 86' lang='lat' dir='ltr'><strong>ostendere.</strong></span> <span class='ocrx_word' id='word_1_127' title='bbox 760 1818 1040 1902; x_wconf 85' lang='lat' dir='ltr'><strong>Quemadmodum</strong></span> <span class='ocrx_word' id='word_1_128' title='bbox 1054 1817 1156 1903; x_wconf 80' lang='lat' dir='ltr'><strong>igitur</strong></span> <span class='ocrx_word' id='word_1_129' title='bbox 1176 1815 1270 1901; x_wconf 87' lang='lat' dir='ltr'><strong>qnid·</strong></span> 
     </span>
     <span class='ocr_line' id='line_1_16' title="bbox 63 1913 1270 2011; baseline 0.006 -30"><span class='ocrx_word' id='word_1_130' title='bbox 63 1913 127 1995; x_wconf 88' lang='lat' dir='ltr'><strong>quid</strong></span> <span class='ocrx_word' id='word_1_131' title='bbox 140 1917 227 1996; x_wconf 90' lang='lat' dir='ltr'><strong>vult,</strong></span> <span class='ocrx_word' id='word_1_132' title='bbox 245 1921 358 2008; x_wconf 89' lang='lat' dir='ltr'><strong>potest</strong></span> <span class='ocrx_word' id='word_1_133' title='bbox 377 1920 468 1999; x_wconf 90' lang='lat' dir='ltr'><strong>deus,</strong></span> <span class='ocrx_word' id='word_1_134' title='bbox 490 1921 539 1986; x_wconf 90' lang='lat' dir='ltr'><strong>ita</strong></span> <span class='ocrx_word' id='word_1_135' title='bbox 559 1921 715 2008; x_wconf 90' lang='lat' dir='ltr'><strong>quidquid</strong></span> <span class='ocrx_word' id='word_1_136' title='bbox 734 1922 868 2011; x_wconf 88' lang='lat' dir='ltr'><strong>petierit</strong></span> <span class='ocrx_word' id='word_1_137' title='bbox 886 1920 1067 2008; x_wconf 82' lang='lat' dir='ltr'><strong>gnosticos,</strong></span> <span class='ocrx_word' id='word_1_138' title='bbox 1087 1917 1121 1996; x_wconf 86' lang='lat' dir='ltr'><strong>id</strong></span> <span class='ocrx_word' id='word_1_139' title='bbox 1141 1917 1270 2006; x_wconf 82' lang='lat' dir='ltr'><strong>accipit..</strong></span> 
     </span>
     <span class='ocr_line' id='line_1_17' title="bbox 63 2009 1269 2111; baseline 0.007 -34"><span class='ocrx_word' id='word_1_140' title='bbox 63 2011 155 2082; x_wconf 81' lang='lat' dir='ltr'><strong>Dabit</strong></span> <span class='ocrx_word' id='word_1_141' title='bbox 169 2020 263 2086; x_wconf 90' lang='lat' dir='ltr'><strong>enim</strong></span> <span class='ocrx_word' id='word_1_142' title='bbox 279 2021 370 2099; x_wconf 91' lang='lat' dir='ltr'><strong>deus,</strong></span> <span class='ocrx_word' id='word_1_143' title='bbox 386 2045 468 2108; x_wconf 91' lang='lat' dir='ltr'><strong>quos</strong></span> <span class='ocrx_word' id='word_1_144' title='bbox 482 2023 585 2101; x_wconf 83' lang='lat' dir='ltr'><strong>novit,</strong></span> <span class='ocrx_word' id='word_1_145' title='bbox 606 2025 724 2110; x_wconf 88' lang='lat' dir='ltr'><strong>dignis.</strong></span> <span class='ocrx_word' id='word_1_146' title='bbox 766 2025 879 2111; x_wconf 86' lang='lat' dir='ltr'><strong>Neque</strong></span> <span class='ocrx_word' id='word_1_147' title='bbox 898 2023 981 2099; x_wconf 84' lang='lat' dir='ltr'><strong>ideo,</strong></span> <span class='ocrx_word' id='word_1_148' title='bbox 993 2021 1086 2106; x_wconf 91' lang='lat' dir='ltr'><strong>quod</strong></span> <span class='ocrx_word' id='word_1_149' title='bbox 1107 2021 1170 2089; x_wconf 86' lang='lat' dir='ltr'><strong>scit</strong></span> <span class='ocrx_word' id='word_1_150' title='bbox 1190 2009 1269 2104; x_wconf 78' lang='lat' dir='ltr'><strong>deus</strong></span> 
     </span>
     <span class='ocr_line' id='line_1_18' title="bbox 62 2119 1270 2213; baseline 0.007 -33"><span class='ocrx_word' id='word_1_151' title='bbox 62 2119 166 2199; x_wconf 88' lang='lat' dir='ltr'><strong>omnia,</strong></span> <span class='ocrx_word' id='word_1_152' title='bbox 184 2145 429 2212; x_wconf 87' lang='lat' dir='ltr'><strong>supervacanea</strong></span> <span class='ocrx_word' id='word_1_153' title='bbox 442 2126 569 2213; x_wconf 85' lang='lat' dir='ltr'><strong>petitio.</strong></span> <span class='ocrx_word' id='word_1_154' title='bbox 608 2125 788 2194; x_wconf 89' lang='lat' dir='ltr'><strong>Gnosticus</strong></span> <span class='ocrx_word' id='word_1_155' title='bbox 803 2126 923 2204; x_wconf 79' lang='lat' dir='ltr'><strong>autem,</strong></span> <span class='ocrx_word' id='word_1_156' title='bbox 938 2123 1072 2203; x_wconf 82' lang='lat' dir='ltr'><strong>Domini</strong></span> <span class='ocrx_word' id='word_1_157' title='bbox 1087 2122 1270 2208; x_wconf 82' lang='lat' dir='ltr'><strong>exemplum</strong></span> 
     </span>
     <span class='ocr_line' id='line_1_19' title="bbox 62 2225 1267 2318; baseline 0.005 -35"><span class='ocrx_word' id='word_1_158' title='bbox 62 2225 193 2303; x_wconf 83' lang='lat' dir='ltr'><strong>secutos,</strong></span> <span class='ocrx_word' id='word_1_159' title='bbox 210 2231 250 2292; x_wconf 88' lang='lat' dir='ltr'><strong>et</strong></span> <span class='ocrx_word' id='word_1_160' title='bbox 263 2229 388 2312; x_wconf 84' lang='lat' dir='ltr'><strong>gratias</strong></span> <span class='ocrx_word' id='word_1_161' title='bbox 401 2229 483 2314; x_wconf 89' lang='lat' dir='ltr'><strong>agit,</strong></span> <span class='ocrx_word' id='word_1_162' title='bbox 499 2231 534 2294; x_wconf 89' lang='lat' dir='ltr'><strong>et</strong></span> <span class='ocrx_word' id='word_1_163' title='bbox 552 2229 647 2318; x_wconf 91' lang='lat' dir='ltr'><strong>petit,</strong></span> <span class='ocrx_word' id='word_1_164' title='bbox 667 2234 707 2295; x_wconf 90' lang='lat' dir='ltr'><strong>ut</strong></span> <span class='ocrx_word' id='word_1_165' title='bbox 726 2225 1128 2315; x_wconf 80' lang='lat' dir='ltr'><strong>convertantur-proximi.</strong></span> <span class='ocrx_word' id='word_1_166' title='bbox 1169 2225 1267 2291; x_wconf 85' lang='lat' dir='ltr'><strong>Fides</strong></span> 
     </span>
    </p>

    <p class='ocr_par' dir='ltr' id='par_1_5' title="bbox 8 2322 1269 2419">
     <span class='ocr_line' id='line_1_20' title="bbox 8 2322 1269 2419; baseline 0.008 -35"><span class='ocrx_word' id='word_1_167' title='bbox 8 2371 10 2374; x_wconf 42' lang='lat'>&gt;</span> <span class='ocrx_word' id='word_1_168' title='bbox 62 2322 158 2404; x_wconf 89' lang='lat' dir='ltr'><strong>etiam,</strong></span> <span class='ocrx_word' id='word_1_169' title='bbox 175 2350 245 2414; x_wconf 92' lang='lat' dir='ltr'><strong>qua</strong></span> <span class='ocrx_word' id='word_1_170' title='bbox 260 2329 333 2415; x_wconf 90' lang='lat' dir='ltr'><strong>quis</strong></span> <span class='ocrx_word' id='word_1_171' title='bbox 349 2353 384 2396; x_wconf 92' lang='lat' dir='ltr'><strong>se</strong></span> <span class='ocrx_word' id='word_1_172' title='bbox 405 2335 613 2419; x_wconf 86' lang='lat' dir='ltr'><strong>accepturum</strong></span> <span class='ocrx_word' id='word_1_173' title='bbox 634 2355 717 2409; x_wconf 92' lang='lat' dir='ltr'><strong>esse,</strong></span> <span class='ocrx_word' id='word_1_174' title='bbox 738 2331 829 2417; x_wconf 85' lang='lat' dir='ltr'><strong>quod</strong></span> <span class='ocrx_word' id='word_1_175' title='bbox 844 2331 939 2419; x_wconf 84' lang='lat' dir='ltr'><strong>petit,</strong></span> <span class='ocrx_word' id='word_1_176' title='bbox 962 2328 1103 2406; x_wconf 89' lang='lat' dir='ltr'><strong>confidit,</strong></span> <span class='ocrx_word' id='word_1_177' title='bbox 1125 2327 1269 2416; x_wconf 87' lang='lat' dir='ltr'><strong>precatio</strong></span> 
     </span>
    </p>

    <p class='ocr_par' dir='ltr' id='par_1_6' title="bbox 8 2427 1395 3240">
     <span class='ocr_line' id='line_1_21' title="bbox 8 2427 1268 2523; baseline 0.006 -34"><span class='ocrx_word' id='word_1_178' title='bbox 8 2442 10 2448; x_wconf 84' lang='lat'>·</span> <span class='ocrx_word' id='word_1_179' title='bbox 63 2427 208 2508; x_wconf 87' lang='lat' dir='ltr'><strong>quaedam</strong></span> <span class='ocrx_word' id='word_1_180' title='bbox 225 2435 281 2496; x_wconf 89' lang='lat' dir='ltr'><strong>est</strong></span> <span class='ocrx_word' id='word_1_181' title='bbox 293 2432 444 2517; x_wconf 89' lang='lat' dir='ltr'><strong>gnostici.</strong></span> <span class='ocrx_word' id='word_1_182' title='bbox 487 2433 552 2500; x_wconf 83' lang='lat' dir='ltr'><strong>Est</strong></span> <span class='ocrx_word' id='word_1_183' title='bbox 572 2437 680 2502; x_wconf 90' lang='lat' dir='ltr'><strong>autem</strong></span> <span class='ocrx_word' id='word_1_184' title='bbox 701 2433 802 2502; x_wconf 88' lang='lat' dir='ltr'><strong>veluti</strong></span> <span class='ocrx_word' id='word_1_185' title='bbox 822 2437 936 2500; x_wconf 87' lang='lat' dir='ltr'><strong>mutua</strong></span> <span class='ocrx_word' id='word_1_186' title='bbox 956 2431 1113 2523; x_wconf 85' lang='lat' dir='ltr'><strong>quaedam</strong></span> <span class='ocrx_word' id='word_1_187' title='bbox 1132 2453 1268 2518; x_wconf 83' lang='lat' dir='ltr'><strong>respon-</strong></span> 
     </span>
     <span class='ocr_line' id='line_1_22' title="bbox 62 2523 1321 2627; baseline 0.01 -36"><span class='ocrx_word' id='word_1_188' title='bbox 62 2523 129 2592; x_wconf 86' lang='lat' dir='ltr'><strong>dens</strong></span> <span class='ocrx_word' id='word_1_189' title='bbox 142 2533 370 2618; x_wconf 88' lang='lat' dir='ltr'><strong>providentiae</strong></span> <span class='ocrx_word' id='word_1_190' title='bbox 386 2557 474 2613; x_wconf 85' lang='lat' dir='ltr'><strong>cura,</strong></span> <span class='ocrx_word' id='word_1_191' title='bbox 490 2537 631 2622; x_wconf 90' lang='lat' dir='ltr'><strong>gnostici</strong></span> <span class='ocrx_word' id='word_1_192' title='bbox 646 2537 778 2627; x_wconf 89' lang='lat' dir='ltr'><strong>quidem</strong></span> <span class='ocrx_word' id='word_1_193' title='bbox 789 2536 947 2604; x_wconf 80' lang='lat' dir='ltr'><strong>sanctitas</strong></span> <span class='ocrx_word' id='word_1_194' title='bbox 957 2534 1053 2602; x_wconf 88' lang='lat' dir='ltr'><strong>etdei</strong></span> <span class='ocrx_word' id='word_1_195' title='bbox 1063 2533 1158 2616; x_wconf 87' lang='lat' dir='ltr'><strong>amici</strong></span> <span class='ocrx_word' id='word_1_196' title='bbox 1169 2533 1267 2604; x_wconf 84' lang='lat' dir='ltr'><strong>bene·</strong></span> <span class='ocrx_word' id='word_1_197' title='bbox 1318 2569 1321 2576; x_wconf 96' lang='lat'>·</span> 
     </span>
     <span class='ocr_line' id='line_1_23' title="bbox 62 2627 1268 2729; baseline 0.007 -38"><span class='ocrx_word' id='word_1_198' title='bbox 62 2627 202 2698; x_wconf 86' lang='lat' dir='ltr'><strong>volentia.</strong></span> <span class='ocrx_word' id='word_1_199' title='bbox 239 2633 352 2726; x_wconf 86' lang='lat' dir='ltr'><strong>Neque</strong></span> <span class='ocrx_word' id='word_1_200' title='bbox 367 2637 452 2702; x_wconf 90' lang='lat' dir='ltr'><strong>enim</strong></span> <span class='ocrx_word' id='word_1_201' title='bbox 463 2639 546 2706; x_wconf 89' lang='lat' dir='ltr'><strong>deus</strong></span> <span class='ocrx_word' id='word_1_202' title='bbox 561 2639 684 2710; x_wconf 88' lang='lat' dir='ltr'><strong>invitus</strong></span> <span class='ocrx_word' id='word_1_203' title='bbox 700 2643 752 2706; x_wconf 90' lang='lat' dir='ltr'><strong>est</strong></span> <span class='ocrx_word' id='word_1_204' title='bbox 766 2639 881 2718; x_wconf 80' lang='lat' dir='ltr'><strong>bonu-s,</strong></span> <span class='ocrx_word' id='word_1_205' title='bbox 897 2635 1268 2729; x_wconf 86' lang='lat' dir='ltr'><strong>quemadmodumignis</strong></span> 
     </span>
     <span class='ocr_line' id='line_1_24' title="bbox 62 2729 1395 2829; baseline 0.005 -33"><span class='ocrx_word' id='word_1_206' title='bbox 62 2729 309 2802; x_wconf 82' lang='lat' dir='ltr'><strong>vicalelaciendi</strong></span> <span class='ocrx_word' id='word_1_207' title='bbox 320 2741 373 2803; x_wconf 89' lang='lat' dir='ltr'><strong>est</strong></span> <span class='ocrx_word' id='word_1_208' title='bbox 383 2741 562 2826; x_wconf 86' lang='lat' dir='ltr'><strong>praeditus,</strong></span> <span class='ocrx_word' id='word_1_209' title='bbox 579 2743 636 2808; x_wconf 92' lang='lat' dir='ltr'><strong>sed</strong></span> <span class='ocrx_word' id='word_1_210' title='bbox 650 2743 843 2810; x_wconf 84' lang='lat' dir='ltr'><strong>liberebona</strong></span> <span class='ocrx_word' id='word_1_211' title='bbox 853 2742 1010 2829; x_wconf 88' lang='lat' dir='ltr'><strong>impertit,</strong></span> <span class='ocrx_word' id='word_1_212' title='bbox 1023 2739 1170 2828; x_wconf 88' lang='lat' dir='ltr'><strong>quamvis</strong></span> <span class='ocrx_word' id='word_1_213' title='bbox 1182 2737 1268 2803; x_wconf 88' lang='lat' dir='ltr'><strong>anti·</strong></span> <span class='ocrx_word' id='word_1_214' title='bbox 1394 2791 1395 2796; x_wconf 61' lang='grc'>,</span> 
     </span>
     <span class='ocr_line' id='line_1_25' title="bbox 62 2830 1332 2932; baseline -0.004 -24"><span class='ocrx_word' id='word_1_215' title='bbox 62 2830 136 2918; x_wconf 68' lang='lat' dir='ltr'><strong>lipet</strong></span> <span class='ocrx_word' id='word_1_216' title='bbox 164 2837 370 2926; x_wconf 86' lang='lat' dir='ltr'><strong>petitionem.</strong></span> <span class='ocrx_word' id='word_1_217' title='bbox 424 2841 537 2932; x_wconf 88' lang='lat' dir='ltr'><strong>Neque</strong></span> <span class='ocrx_word' id='word_1_218' title='bbox 562 2867 675 2910; x_wconf 88' lang='lat' dir='ltr'><strong>rursus</strong></span> <span class='ocrx_word' id='word_1_219' title='bbox 706 2845 801 2912; x_wconf 93' lang='lat' dir='ltr'><strong>homo</strong></span> <span class='ocrx_word' id='word_1_220' title='bbox 824 2845 948 2910; x_wconf 87' lang='lat' dir='ltr'><strong>invitus</strong></span> <span class='ocrx_word' id='word_1_221' title='bbox 973 2842 1031 2906; x_wconf 84' lang='lat' dir='ltr'><strong>fiet</strong></span> <span class='ocrx_word' id='word_1_222' title='bbox 1057 2841 1183 2914; x_wconf 89' lang='lat' dir='ltr'><strong>salvus,</strong></span> <span class='ocrx_word' id='word_1_223' title='bbox 1210 2838 1268 2906; x_wconf 88' lang='lat' dir='ltr'><strong>sed</strong></span> <span class='ocrx_word' id='word_1_224' title='bbox 1294 2864 1298 2867; x_wconf 90' lang='lat'>·</span> <span class='ocrx_word' id='word_1_225' title='bbox 1329 2926 1332 2932; x_wconf 18' lang='grc' dir='ltr'>ι</span> 
     </span>
     <span class='ocr_line' id='line_1_26' title="bbox 60 2929 1387 3012; baseline 0.007 -14"><span class='ocrx_word' id='word_1_226' title='bbox 60 2929 147 3004; x_wconf 87' lang='lat' dir='ltr'><strong>libero</strong></span> <span class='ocrx_word' id='word_1_227' title='bbox 168 2942 272 3008; x_wconf 85' lang='lat' dir='ltr'><strong>animi</strong></span> <span class='ocrx_word' id='word_1_228' title='bbox 292 2943 427 3010; x_wconf 87' lang='lat' dir='ltr'><strong>arbitrio</strong></span> <span class='ocrx_word' id='word_1_229' title='bbox 451 2946 625 3012; x_wconf 77' lang='lat' dir='ltr'><strong>contendet</strong></span> <span class='ocrx_word' id='word_1_230' title='bbox 650 2947 692 3012; x_wconf 89' lang='lat' dir='ltr'><strong>ad</strong></span> <span class='ocrx_word' id='word_1_231' title='bbox 718 2947 868 3012; x_wconf 88' lang='lat' dir='ltr'><strong>salutem.</strong></span> <span class='ocrx_word' id='word_1_232' title='bbox 914 2943 1011 3010; x_wconf 90' lang='lat' dir='ltr'><strong>Unde</strong></span> <span class='ocrx_word' id='word_1_233' title='bbox 1031 2943 1143 3009; x_wconf 87' lang='lat' dir='ltr'><strong>valent</strong></span> <span class='ocrx_word' id='word_1_234' title='bbox 1168 2939 1267 3007; x_wconf 88' lang='lat' dir='ltr'><strong>etiam</strong></span> <span class='ocrx_word' id='word_1_235' title='bbox 1385 2939 1387 2949; x_wconf 75' lang='lat'>&#39;</span> 
     </span>
     <span class='ocr_line' id='line_1_27' title="bbox 64 3043 1267 3136; baseline 0.001 -29"><span class='ocrx_word' id='word_1_236' title='bbox 64 3047 240 3132; x_wconf 77' lang='lat' dir='ltr'><strong>praecepta.</strong></span> <span class='ocrx_word' id='word_1_237' title='bbox 283 3044 349 3111; x_wconf 84' lang='lat' dir='ltr'><strong>Dei</strong></span> <span class='ocrx_word' id='word_1_238' title='bbox 363 3067 441 3133; x_wconf 89' lang='lat' dir='ltr'><strong>ergo</strong></span> <span class='ocrx_word' id='word_1_239' title='bbox 458 3069 569 3115; x_wconf 90' lang='lat' dir='ltr'><strong>sumus</strong></span> <span class='ocrx_word' id='word_1_240' title='bbox 586 3049 671 3116; x_wconf 86' lang='lat' dir='ltr'><strong>servi</strong></span> <span class='ocrx_word' id='word_1_241' title='bbox 685 3051 720 3114; x_wconf 91' lang='lat' dir='ltr'><strong>et</strong></span> <span class='ocrx_word' id='word_1_242' title='bbox 734 3047 885 3124; x_wconf 88' lang='lat' dir='ltr'><strong>cultores,</strong></span> <span class='ocrx_word' id='word_1_243' title='bbox 902 3047 956 3136; x_wconf 91' lang='lat' dir='ltr'><strong>qui</strong></span> <span class='ocrx_word' id='word_1_244' title='bbox 971 3045 1110 3112; x_wconf 85' lang='lat' dir='ltr'><strong>maxime</strong></span> <span class='ocrx_word' id='word_1_245' title='bbox 1131 3043 1267 3108; x_wconf 87' lang='lat' dir='ltr'><strong>liberum</strong></span> 
     </span>
     <span class='ocr_line' id='line_1_28' title="bbox 62 3144 1093 3240; baseline 0.002 -29"><span class='ocrx_word' id='word_1_246' title='bbox 62 3157 91 3204; x_wconf 64' lang='lat'><strong>³0</strong></span> <span class='ocrx_word' id='word_1_247' title='bbox 102 3144 244 3231; x_wconf 84' lang='lat' dir='ltr'><strong>regalem</strong></span> <span class='ocrx_word' id='word_1_248' title='bbox 259 3148 383 3213; x_wconf 90' lang='lat' dir='ltr'><strong>cultum</strong></span> <span class='ocrx_word' id='word_1_249' title='bbox 397 3148 585 3218; x_wconf 86' lang='lat' dir='ltr'><strong>exhibemus</strong></span> <span class='ocrx_word' id='word_1_250' title='bbox 600 3153 655 3240; x_wconf 89' lang='lat' dir='ltr'><strong>pia</strong></span> <span class='ocrx_word' id='word_1_251' title='bbox 668 3151 838 3219; x_wconf 87' lang='lat' dir='ltr'><strong>voluntate</strong></span> <span class='ocrx_word' id='word_1_252' title='bbox 851 3152 886 3216; x_wconf 89' lang='lat' dir='ltr'><strong>et</strong></span> <span class='ocrx_word' id='word_1_253' title='bbox 899 3149 1093 3236; x_wconf 88' lang='lat' dir='ltr'><strong>cognitione.</strong></span> 
     </span>
    </p>

    <p class='ocr_par' dir='ltr' id='par_1_7' title="bbox 113 3243 1266 3352">
     <span class='ocr_line' id='line_1_29' title="bbox 113 3243 1266 3352; baseline 0 -40"><span class='ocrx_word' id='word_1_254' title='bbox 113 3243 207 3328; x_wconf 80' lang='lat' dir='ltr'><strong>Quae</strong></span> <span class='ocrx_word' id='word_1_255' title='bbox 222 3271 323 3339; x_wconf 93' lang='lat' dir='ltr'><strong>quum</strong></span> <span class='ocrx_word' id='word_1_256' title='bbox 336 3251 385 3352; x_wconf 78' lang='lat' dir='ltr'><strong>ita</strong></span> <span class='ocrx_word' id='word_1_257' title='bbox 399 3251 477 3330; x_wconf 89' lang='lat' dir='ltr'><strong>sint,</strong></span> <span class='ocrx_word' id='word_1_258' title='bbox 495 3257 600 3322; x_wconf 91' lang='lat' dir='ltr'><strong>omnis</strong></span> <span class='ocrx_word' id='word_1_259' title='bbox 614 3255 705 3322; x_wconf 86' lang='lat' dir='ltr'><strong>locus</strong></span> <span class='ocrx_word' id='word_1_260' title='bbox 722 3276 813 3320; x_wconf 85' lang='lat' dir='ltr'><strong>sacer</strong></span> <span class='ocrx_word' id='word_1_261' title='bbox 825 3255 879 3319; x_wconf 90' lang='lat' dir='ltr'><strong>est</strong></span> <span class='ocrx_word' id='word_1_262' title='bbox 892 3255 927 3320; x_wconf 94' lang='lat' dir='ltr'><strong>et</strong></span> <span class='ocrx_word' id='word_1_263' title='bbox 940 3273 1034 3318; x_wconf 90' lang='lat' dir='ltr'><strong>omne</strong></span> <span class='ocrx_word' id='word_1_264' title='bbox 1044 3253 1185 3337; x_wconf 90' lang='lat' dir='ltr'><strong>tempus,</strong></span> <span class='ocrx_word' id='word_1_265' title='bbox 1201 3267 1266 3337; x_wconf 92' lang='lat' dir='ltr'><strong>quo</strong></span> 
     </span>
    </p>

    <p class='ocr_par' dir='ltr' id='par_1_8' title="bbox 7 3335 1392 3542">
     <span class='ocr_line' id='line_1_30' title="bbox 7 3335 1283 3442; baseline 0.009 -38"><span class='ocrx_word' id='word_1_266' title='bbox 7 3379 8 3386; x_wconf 32' lang='grc' dir='ltr'>ι</span> <span class='ocrx_word' id='word_1_267' title='bbox 62 3335 104 3408; x_wconf 88' lang='lat' dir='ltr'><strong>dei</strong></span> <span class='ocrx_word' id='word_1_268' title='bbox 117 3351 349 3437; x_wconf 86' lang='lat' dir='ltr'><strong>cogitationem</strong></span> <span class='ocrx_word' id='word_1_269' title='bbox 360 3355 570 3442; x_wconf 83' lang='lat' dir='ltr'><strong>concipimus.</strong></span> <span class='ocrx_word' id='word_1_270' title='bbox 613 3357 852 3424; x_wconf 78' lang='lat' dir='ltr'><strong>Examinantur</strong></span> <span class='ocrx_word' id='word_1_271' title='bbox 872 3357 982 3422; x_wconf 91' lang='lat' dir='ltr'><strong>autem</strong></span> <span class='ocrx_word' id='word_1_272' title='bbox 996 3353 1181 3442; x_wconf 75' lang='lat' dir='ltr'><strong>precatione</strong></span> <span class='ocrx_word' id='word_1_273' title='bbox 1195 3372 1265 3416; x_wconf 91' lang='lat' dir='ltr'><strong>mo-</strong></span> <span class='ocrx_word' id='word_1_274' title='bbox 1279 3380 1283 3388; x_wconf 67' lang='lat'>=</span> 
     </span>
     <span class='ocr_line' id='line_1_31' title="bbox 62 3453 1392 3542; baseline -0.005 -18"><span class='ocrx_word' id='word_1_275' title='bbox 62 3459 115 3524; x_wconf 61' lang='grc' dir='ltr'><strong>ΓΕΒ,</strong></span> <span class='ocrx_word' id='word_1_276' title='bbox 129 3453 290 3536; x_wconf 82' lang='lat' dir='ltr'><strong>quomodo</strong></span> <span class='ocrx_word' id='word_1_277' title='bbox 305 3477 340 3520; x_wconf 89' lang='lat' dir='ltr'><strong>se</strong></span> <span class='ocrx_word' id='word_1_278' title='bbox 354 3455 497 3524; x_wconf 89' lang='lat' dir='ltr'><strong>habeant</strong></span> <span class='ocrx_word' id='word_1_279' title='bbox 511 3459 554 3524; x_wconf 91' lang='lat' dir='ltr'><strong>ad</strong></span> <span class='ocrx_word' id='word_1_280' title='bbox 568 3458 719 3526; x_wconf 84' lang='lat' dir='ltr'><strong>officium.</strong></span> <span class='ocrx_word' id='word_1_281' title='bbox 764 3459 874 3542; x_wconf 82' lang='lat' dir='ltr'><strong>Quum</strong></span> <span class='ocrx_word' id='word_1_282' title='bbox 894 3460 1004 3524; x_wconf 85' lang='lat' dir='ltr'><strong>autem</strong></span> <span class='ocrx_word' id='word_1_283' title='bbox 1018 3479 1110 3522; x_wconf 89' lang='lat' dir='ltr'><strong>mens</strong></span> <span class='ocrx_word' id='word_1_284' title='bbox 1125 3456 1266 3522; x_wconf 89' lang='lat' dir='ltr'><strong>mentem</strong></span> <span class='ocrx_word' id='word_1_285' title='bbox 1389 3495 1392 3501; x_wconf 35' lang='grc' dir='ltr'><em>ψ</em></span> 
     </span>
    </p>

    <p class='ocr_par' dir='ltr' id='par_1_9' title="bbox 9 3553 1265 3649">
     <span class='ocr_line' id='line_1_32' title="bbox 9 3553 1265 3649; baseline 0.003 -32"><span class='ocrx_word' id='word_1_286' title='bbox 9 3643 10 3647; x_wconf 8' lang='lat'>¹</span> <span class='ocrx_word' id='word_1_287' title='bbox 61 3553 214 3635; x_wconf 72' lang='lat' dir='ltr'><strong>aaudiat,</strong></span> <span class='ocrx_word' id='word_1_288' title='bbox 229 3557 309 3624; x_wconf 89' lang='lat' dir='ltr'><strong>deus</strong></span> <span class='ocrx_word' id='word_1_289' title='bbox 323 3579 388 3624; x_wconf 91' lang='lat' dir='ltr'><strong>non</strong></span> <span class='ocrx_word' id='word_1_290' title='bbox 403 3563 574 3647; x_wconf 86' lang='lat' dir='ltr'><strong>exspectat</strong></span> <span class='ocrx_word' id='word_1_291' title='bbox 587 3561 717 3648; x_wconf 88' lang='lat' dir='ltr'><strong>linguas</strong></span> <span class='ocrx_word' id='word_1_292' title='bbox 735 3562 903 3649; x_wconf 89' lang='lat' dir='ltr'><strong>loquaces,</strong></span> <span class='ocrx_word' id='word_1_293' title='bbox 923 3564 1079 3646; x_wconf 86' lang='lat' dir='ltr'><strong>tanquam</strong></span> <span class='ocrx_word' id='word_1_294' title='bbox 1098 3553 1265 3632; x_wconf 81' lang='lat' dir='ltr'><strong>hominum</strong></span> 
     </span>
    </p>

    <p class='ocr_par' dir='ltr' id='par_1_10' title="bbox 8 3641 1264 3750">
     <span class='ocr_line' id='line_1_33' title="bbox 8 3641 1264 3750; baseline -0.001 -22"><span class='ocrx_word' id='word_1_295' title='bbox 8 3689 9 3728; x_wconf 72' lang='lat'>1</span> <span class='ocrx_word' id='word_1_296' title='bbox 62 3641 262 3742; x_wconf 62' lang='lat' dir='ltr'><strong>interpretem</strong></span> <span class='ocrx_word' id='word_1_297' title='bbox 285 3661 442 3748; x_wconf 89' lang='lat' dir='ltr'><strong>cogitatio</strong></span> <span class='ocrx_word' id='word_1_298' title='bbox 456 3663 542 3728; x_wconf 91' lang='lat' dir='ltr'><strong>enim</strong></span> <span class='ocrx_word' id='word_1_299' title='bbox 557 3663 617 3730; x_wconf 91' lang='lat' dir='ltr'><strong>deo</strong></span> <span class='ocrx_word' id='word_1_300' title='bbox 637 3687 701 3730; x_wconf 86' lang='lat' dir='ltr'><strong>vox</strong></span> <span class='ocrx_word' id='word_1_301' title='bbox 721 3669 784 3743; x_wconf 88' lang='lat' dir='ltr'><strong>est,</strong></span> <span class='ocrx_word' id='word_1_302' title='bbox 803 3687 900 3750; x_wconf 87' lang='lat' dir='ltr'><strong>quam</strong></span> <span class='ocrx_word' id='word_1_303' title='bbox 921 3668 998 3732; x_wconf 89' lang='lat' dir='ltr'><strong>ante</strong></span> <span class='ocrx_word' id='word_1_304' title='bbox 1017 3661 1212 3728; x_wconf 90' lang='lat' dir='ltr'><strong>creationem</strong></span> <span class='ocrx_word' id='word_1_305' title='bbox 1229 3656 1264 3727; x_wconf 90' lang='lat' dir='ltr'><strong>in</strong></span> 
     </span>
    </p>

    <p class='ocr_par' dir='ltr' id='par_1_11' title="bbox 8 3758 1265 3853">
     <span class='ocr_line' id='line_1_34' title="bbox 8 3758 1265 3853; baseline 0.002 -30"><span class='ocrx_word' id='word_1_306' title='bbox 8 3759 9 3786; x_wconf 60' lang='lat'>³</span> <span class='ocrx_word' id='word_1_307' title='bbox 62 3758 207 3826; x_wconf 80' lang='lat' dir='ltr'><strong>mundum</strong></span> <span class='ocrx_word' id='word_1_308' title='bbox 227 3783 300 3828; x_wconf 88' lang='lat' dir='ltr'><strong>esse</strong></span> <span class='ocrx_word' id='word_1_309' title='bbox 319 3765 490 3832; x_wconf 82' lang='lat' dir='ltr'><strong>venturam</strong></span> <span class='ocrx_word' id='word_1_310' title='bbox 511 3763 644 3834; x_wconf 91' lang='lat' dir='ltr'><strong>sciebat.</strong></span> <span class='ocrx_word' id='word_1_311' title='bbox 687 3766 783 3834; x_wconf 88' lang='lat' dir='ltr'><strong>Licet</strong></span> <span class='ocrx_word' id='word_1_312' title='bbox 806 3767 908 3853; x_wconf 85' lang='lat' dir='ltr'><strong>igitur</strong></span> <span class='ocrx_word' id='word_1_313' title='bbox 932 3764 1058 3853; x_wconf 88' lang='lat' dir='ltr'><strong>precari</strong></span> <span class='ocrx_word' id='word_1_314' title='bbox 1084 3763 1152 3830; x_wconf 90' lang='lat' dir='ltr'><strong>sine</strong></span> <span class='ocrx_word' id='word_1_315' title='bbox 1177 3783 1265 3829; x_wconf 88' lang='lat' dir='ltr'><strong>voce.</strong></span> 
     </span>
    </p>

    <p class='ocr_par' dir='ltr' id='par_1_12' title="bbox 8 3847 1264 3959">
     <span class='ocr_line' id='line_1_35' title="bbox 8 3847 1264 3959; baseline -0.002 -28"><span class='ocrx_word' id='word_1_316' title='bbox 8 3868 9 3916; x_wconf 75' lang='lat' dir='ltr'><strong>l</strong></span> <span class='ocrx_word' id='word_1_317' title='bbox 65 3847 162 3931; x_wconf 77' lang='lat' dir='ltr'><strong>Quum</strong></span> <span class='ocrx_word' id='word_1_318' title='bbox 177 3865 287 3930; x_wconf 88' lang='lat' dir='ltr'><strong>autem</strong></span> <span class='ocrx_word' id='word_1_319' title='bbox 301 3886 342 3930; x_wconf 89' lang='lat' dir='ltr'><strong>ex</strong></span> <span class='ocrx_word' id='word_1_320' title='bbox 356 3865 479 3959; x_wconf 85' lang='lat' dir='ltr'><strong>oriente</strong></span> <span class='ocrx_word' id='word_1_321' title='bbox 493 3867 550 3934; x_wconf 85' lang='lat' dir='ltr'><strong>lux</strong></span> <span class='ocrx_word' id='word_1_322' title='bbox 564 3869 690 3935; x_wconf 85' lang='lat' dir='ltr'><strong>venerit</strong></span> <span class='ocrx_word' id='word_1_323' title='bbox 710 3870 753 3936; x_wconf 87' lang='lat' dir='ltr'><strong>ad</strong></span> <span class='ocrx_word' id='word_1_324' title='bbox 777 3869 863 3938; x_wconf 88' lang='lat' dir='ltr'><strong>diem</strong></span> <span class='ocrx_word' id='word_1_325' title='bbox 882 3866 1078 3956; x_wconf 86' lang='lat' dir='ltr'><strong>cognitionis</strong></span> <span class='ocrx_word' id='word_1_326' title='bbox 1103 3862 1264 3954; x_wconf 71' lang='lat' dir='ltr'><strong>veritatis,</strong></span> 
     </span>
    </p>

    <p class='ocr_par' dir='ltr' id='par_1_13' title="bbox 8 3954 1263 4060">
     <span class='ocr_line' id='line_1_36' title="bbox 8 3954 1263 4060; baseline 0.005 -35"><span class='ocrx_word' id='word_1_327' title='bbox 8 3973 9 3981; x_wconf 75' lang='grc'>’</span> <span class='ocrx_word' id='word_1_328' title='bbox 63 3954 223 4031; x_wconf 75' lang='lat' dir='ltr'><strong>adortum</strong></span> <span class='ocrx_word' id='word_1_329' title='bbox 247 3967 443 4060; x_wconf 83' lang='lat' dir='ltr'><strong>matutinum</strong></span> <span class='ocrx_word' id='word_1_330' title='bbox 468 3969 629 4037; x_wconf 86' lang='lat' dir='ltr'><strong>habentur</strong></span> <span class='ocrx_word' id='word_1_331' title='bbox 653 3991 773 4058; x_wconf 87' lang='lat' dir='ltr'><strong>preces.</strong></span> <span class='ocrx_word' id='word_1_332' title='bbox 822 3971 920 4038; x_wconf 88' lang='lat' dir='ltr'><strong>Unde</strong></span> <span class='ocrx_word' id='word_1_333' title='bbox 945 3970 1044 4036; x_wconf 90' lang='lat' dir='ltr'><strong>etiam</strong></span> <span class='ocrx_word' id='word_1_334' title='bbox 1066 3965 1263 4054; x_wconf 83' lang='lat' dir='ltr'><strong>templorum</strong></span> 
     </span>
    </p>

    <p class='ocr_par' dir='ltr' id='par_1_14' title="bbox 8 4059 1377 4160">
     <span class='ocr_line' id='line_1_37' title="bbox 8 4059 1377 4160; baseline 0.012 -41"><span class='ocrx_word' id='word_1_335' title='bbox 8 4093 9 4156; x_wconf 33' lang='grc' dir='ltr'>ι</span> <span class='ocrx_word' id='word_1_336' title='bbox 64 4060 277 4150; x_wconf 82' lang='lat' dir='ltr'><strong>antiquissima</strong></span> <span class='ocrx_word' id='word_1_337' title='bbox 298 4059 555 4158; x_wconf 82' lang='lat' dir='ltr'><strong>spectabant-ad</strong></span> <span class='ocrx_word' id='word_1_338' title='bbox 577 4073 785 4150; x_wconf 87' lang='lat' dir='ltr'><strong>occidentem,</strong></span> <span class='ocrx_word' id='word_1_339' title='bbox 811 4078 860 4152; x_wconf 84' lang='lat' dir='ltr'><strong>ut,</strong></span> <span class='ocrx_word' id='word_1_340' title='bbox 880 4074 936 4160; x_wconf 88' lang='lat' dir='ltr'><strong>qui</strong></span> <span class='ocrx_word' id='word_1_341' title='bbox 960 4071 1055 4138; x_wconf 87' lang='lat' dir='ltr'><strong>vultu</strong></span> <span class='ocrx_word' id='word_1_342' title='bbox 1070 4071 1203 4148; x_wconf 85' lang='lat' dir='ltr'><strong>starent</strong></span> <span class='ocrx_word' id='word_1_343' title='bbox 1221 4069 1263 4136; x_wconf 86' lang='lat' dir='ltr'><strong>ad</strong></span> <span class='ocrx_word' id='word_1_344' title='bbox 1375 4143 1377 4149; x_wconf 45' lang='lat'><strong>.</strong></span> 
     </span>
    </p>

    <p class='ocr_par' dir='ltr' id='par_1_15' title="bbox 8 4155 938 4256">
     <span class='ocr_line' id='line_1_38' title="bbox 8 4155 938 4256; baseline 0.012 -23"><span class='ocrx_word' id='word_1_345' title='bbox 8 4165 9 4168; x_wconf 64' lang='grc'>’</span> <span class='ocrx_word' id='word_1_346' title='bbox 66 4155 222 4238; x_wconf 62' lang='lat' dir='ltr'><strong>ennaea</strong></span> <span class='ocrx_word' id='word_1_347' title='bbox 235 4193 401 4256; x_wconf 85' lang='lat' dir='ltr'><strong>converso,</strong></span> <span class='ocrx_word' id='word_1_348' title='bbox 417 4163 609 4242; x_wconf 81' lang='lat' dir='ltr'><strong>dooerbntur</strong></span> <span class='ocrx_word' id='word_1_349' title='bbox 622 4176 706 4244; x_wconf 86' lang='lat' dir='ltr'><strong>verti</strong></span> <span class='ocrx_word' id='word_1_350' title='bbox 719 4175 762 4242; x_wconf 89' lang='lat' dir='ltr'><strong>ad</strong></span> <span class='ocrx_word' id='word_1_351' title='bbox 775 4176 938 4245; x_wconf 88' lang='lat' dir='ltr'><strong>orientem.</strong></span> 
     </span>
    </p>

    <p class='ocr_par' dir='ltr' id='par_1_16' title="bbox 67 4265 1264 4580">
     <span class='ocr_line' id='line_1_39' title="bbox 118 4265 1263 4366; baseline 0.003 -30"><span class='ocrx_word' id='word_1_352' title='bbox 118 4265 186 4339; x_wconf 88' lang='lat' dir='ltr'><strong>Iam</strong></span> <span class='ocrx_word' id='word_1_353' title='bbox 198 4297 275 4342; x_wconf 86' lang='lat' dir='ltr'><strong>vero</strong></span> <span class='ocrx_word' id='word_1_354' title='bbox 291 4276 457 4344; x_wconf 87' lang='lat' dir='ltr'><strong>sceleratis</strong></span> <span class='ocrx_word' id='word_1_355' title='bbox 472 4277 655 4346; x_wconf 90' lang='lat' dir='ltr'><strong>hominibus</strong></span> <span class='ocrx_word' id='word_1_356' title='bbox 669 4279 813 4366; x_wconf 84' lang='lat' dir='ltr'><strong>precatio</strong></span> <span class='ocrx_word' id='word_1_357' title='bbox 833 4301 898 4344; x_wconf 88' lang='lat' dir='ltr'><strong>non</strong></span> <span class='ocrx_word' id='word_1_358' title='bbox 918 4277 990 4344; x_wconf 87' lang='lat' dir='ltr'><strong>aliis</strong></span> <span class='ocrx_word' id='word_1_359' title='bbox 1015 4275 1129 4352; x_wconf 86' lang='lat' dir='ltr'><strong>solum,</strong></span> <span class='ocrx_word' id='word_1_360' title='bbox 1151 4294 1263 4340; x_wconf 82' lang='lat' dir='ltr'><strong>rerum</strong></span> 
     </span>
     <span class='ocr_line' id='line_1_40' title="bbox 67 4360 1264 4467; baseline 0.006 -31"><span class='ocrx_word' id='word_1_361' title='bbox 67 4360 153 4436; x_wconf 75' lang='lat' dir='ltr'><strong>etiam</strong></span> <span class='ocrx_word' id='word_1_362' title='bbox 171 4374 300 4443; x_wconf 90' lang='lat' dir='ltr'><strong>sibimet</strong></span> <span class='ocrx_word' id='word_1_363' title='bbox 319 4377 401 4465; x_wconf 81' lang='lat' dir='ltr'><strong>ipsis</strong></span> <span class='ocrx_word' id='word_1_364' title='bbox 422 4383 475 4446; x_wconf 89' lang='lat' dir='ltr'><strong>est</strong></span> <span class='ocrx_word' id='word_1_365' title='bbox 500 4381 788 4467; x_wconf 76' lang='lat' dir='ltr'><strong>perniciosissima3</strong></span> <span class='ocrx_word' id='word_1_366' title='bbox 811 4379 968 4448; x_wconf 86' lang='lat' dir='ltr'><strong>bonorum</strong></span> <span class='ocrx_word' id='word_1_367' title='bbox 993 4379 1079 4448; x_wconf 90' lang='lat' dir='ltr'><strong>enim</strong></span> <span class='ocrx_word' id='word_1_368' title='bbox 1097 4399 1177 4442; x_wconf 87' lang='lat' dir='ltr'><strong>usus</strong></span> <span class='ocrx_word' id='word_1_369' title='bbox 1197 4397 1264 4443; x_wconf 92' lang='lat' dir='ltr'><strong>non</strong></span> 
     </span>
     <span class='ocr_line' id='line_1_41' title="bbox 69 4470 1263 4580; baseline -0.002 -34"><span class='ocrx_word' id='word_1_370' title='bbox 69 4470 136 4580; x_wconf 54' lang='grc' dir='ltr'><strong>’Ψ</strong></span> <span class='ocrx_word' id='word_1_371' title='bbox 147 4478 253 4564; x_wconf 72' lang='lat' dir='ltr'><strong>petiti</strong></span> <span class='ocrx_word' id='word_1_372' title='bbox 277 4533 280 4542; x_wconf 64' lang='lat'><strong>.</strong></span> <span class='ocrx_word' id='word_1_373' title='bbox 295 4478 422 4548; x_wconf 90' lang='lat' dir='ltr'><strong>Petunt</strong></span> <span class='ocrx_word' id='word_1_374' title='bbox 436 4503 519 4567; x_wconf 92' lang='lat' dir='ltr'><strong>quae</strong></span> <span class='ocrx_word' id='word_1_375' title='bbox 533 4483 737 4561; x_wconf 82' lang='lat' dir='ltr'><strong>videntur,</strong></span> <span class='ocrx_word' id='word_1_376' title='bbox 759 4505 824 4548; x_wconf 90' lang='lat' dir='ltr'><strong>non</strong></span> <span class='ocrx_word' id='word_1_377' title='bbox 838 4505 921 4568; x_wconf 89' lang='lat' dir='ltr'><strong>quae</strong></span> <span class='ocrx_word' id='word_1_378' title='bbox 936 4486 1029 4550; x_wconf 88' lang='lat' dir='ltr'><strong>sunt</strong></span> <span class='ocrx_word' id='word_1_379' title='bbox 1043 4481 1137 4548; x_wconf 88' lang='lat' dir='ltr'><strong>bona.</strong></span> <span class='ocrx_word' id='word_1_380' title='bbox 1171 4476 1263 4546; x_wconf 89' lang='lat' dir='ltr'><strong>Gno-</strong></span> 
     </span>
    </p>

    <p class='ocr_par' dir='ltr' id='par_1_17' title="bbox 22 4565 1263 4672">
     <span class='ocr_line' id='line_1_42' title="bbox 22 4565 1263 4672; baseline 0.008 -24"><span class='ocrx_word' id='word_1_381' title='bbox 22 4595 26 4614; x_wconf 85' lang='grc'>’</span> <span class='ocrx_word' id='word_1_382' title='bbox 70 4565 158 4643; x_wconf 69' lang='lat' dir='ltr'><strong>aneu,</strong></span> <span class='ocrx_word' id='word_1_383' title='bbox 170 4601 246 4650; x_wconf 81' lang='lat' dir='ltr'><strong>vero</strong></span> <span class='ocrx_word' id='word_1_384' title='bbox 259 4585 423 4672; x_wconf 83' lang='lat' dir='ltr'><strong>precatur,</strong></span> <span class='ocrx_word' id='word_1_385' title='bbox 436 4591 477 4652; x_wconf 87' lang='lat' dir='ltr'><strong>ut</strong></span> <span class='ocrx_word' id='word_1_386' title='bbox 491 4605 540 4664; x_wconf 83' lang='lat' dir='ltr'><strong>aa,</strong></span> <span class='ocrx_word' id='word_1_387' title='bbox 563 4605 646 4672; x_wconf 87' lang='lat' dir='ltr'><strong>quae</strong></span> <span class='ocrx_word' id='word_1_388' title='bbox 665 4606 740 4656; x_wconf 85' lang='lat' dir='ltr'><strong>vere</strong></span> <span class='ocrx_word' id='word_1_389' title='bbox 762 4587 840 4656; x_wconf 78' lang='lat' dir='ltr'><strong>suot</strong></span> <span class='ocrx_word' id='word_1_390' title='bbox 853 4584 944 4654; x_wconf 86' lang='lat' dir='ltr'><strong>bona</strong></span> <span class='ocrx_word' id='word_1_391' title='bbox 962 4584 997 4656; x_wconf 86' lang='lat' dir='ltr'><strong>in</strong></span> <span class='ocrx_word' id='word_1_392' title='bbox 1016 4584 1125 4671; x_wconf 77' lang='lat' dir='ltr'><strong>animo</strong></span> <span class='ocrx_word' id='word_1_393' title='bbox 1143 4581 1263 4672; x_wconf 76' lang='lat' dir='ltr'><strong>posita,</strong></span> 
     </span>
    </p>
   </div>
   <div class='ocr_carea' id='block_1_3' title="bbox 0 0 1414 5052">
    <p class='ocr_par' dir='ltr' id='par_1_18' title="bbox 0 0 1414 5052">
     <span class='ocr_line' id='line_1_43' title="bbox 0 0 1414 5052; baseline 0 0"><span class='ocrx_word' id='word_1_394' title='bbox 0 0 1414 5052; x_wconf 95' lang='lat' dir='ltr'><strong> </strong></span> 
     </span>
    </p>
   </div>
  </div>
 </body>
</html>
