<?xml version="1.0" encoding="UTF-8"?>
<!DOCTYPE html PUBLIC "-//W3C//DTD XHTML 1.0 Transitional//EN"
    "http://www.w3.org/TR/xhtml1/DTD/xhtml1-transitional.dtd">
<html xmlns="http://www.w3.org/1999/xhtml" xml:lang="en" lang="en">
 <head>
  <title>
</title>
<meta http-equiv="Content-Type" content="text/html;charset=utf-8" />
  <meta name='ocr-system' content='tesseract 3.04.00' />
  <meta name='ocr-capabilities' content='ocr_page ocr_carea ocr_par ocr_line ocrx_word'/>
</head>
<body>
  <div class='ocr_page' id='page_1' title='image "./clemente00reingoog_0135.png"; bbox 0 0 2830 5052; ppageno 0'>
   <div class='ocr_carea' id='block_1_1' title="bbox 736 353 798 417">
    <p class='ocr_par' dir='ltr' id='par_1_1' title="bbox 736 353 798 417">
     <span class='ocr_line' id='line_1_1' title="bbox 736 353 798 417; baseline -0.016 0"><span class='ocrx_word' id='word_1_1' title='bbox 736 353 798 417; x_wconf 76' lang='lat'>122</span> 
     </span>
    </p>
   </div>
   <div class='ocr_carea' id='block_1_2' title="bbox 56 525 1404 4105">
    <p class='ocr_par' dir='ltr' id='par_1_2' title="bbox 116 525 1404 1853">
     <span class='ocr_line' id='line_1_2' title="bbox 158 525 1404 628; baseline 0.002 -24"><span class='ocrx_word' id='word_1_2' title='bbox 158 537 262 624; x_wconf 84' lang='lat' dir='ltr'>legem</span> <span class='ocrx_word' id='word_1_3' title='bbox 281 537 408 628; x_wconf 86' lang='lat' dir='ltr'>peccati</span> <span class='ocrx_word' id='word_1_4' title='bbox 428 557 500 603; x_wconf 91' lang='lat' dir='ltr'>esse</span> <span class='ocrx_word' id='word_1_5' title='bbox 515 538 729 624; x_wconf 69' lang='lat' dir='ltr'>cognitionem</span> <span class='ocrx_word' id='word_1_6' title='bbox 750 539 840 618; x_wconf 89' lang='lat' dir='ltr'>dicit,</span> <span class='ocrx_word' id='word_1_7' title='bbox 860 539 895 604; x_wconf 93' lang='lat' dir='ltr'>id</span> <span class='ocrx_word' id='word_1_8' title='bbox 914 561 978 604; x_wconf 91' lang='lat' dir='ltr'>non</span> <span class='ocrx_word' id='word_1_9' title='bbox 999 537 1177 625; x_wconf 85' lang='lat' dir='ltr'>significat:</span> <span class='ocrx_word' id='word_1_10' title='bbox 1202 539 1253 606; x_wconf 86' lang='lat' dir='ltr'>lex</span> <span class='ocrx_word' id='word_1_11' title='bbox 1269 539 1352 606; x_wconf 87' lang='lat' dir='ltr'>tecit</span> <span class='ocrx_word' id='word_1_12' title='bbox 1403 525 1404 588; x_wconf 66' lang='grc' dir='ltr'>ἶ</span> 
     </span>
     <span class='ocr_line' id='line_1_3' title="bbox 157 639 1404 730; baseline 0.003 -26"><span class='ocrx_word' id='word_1_13' title='bbox 157 643 302 730; x_wconf 83' lang='lat' dir='ltr'>peecata,</span> <span class='ocrx_word' id='word_1_14' title='bbox 323 642 381 706; x_wconf 90' lang='lat' dir='ltr'>sed</span> <span class='ocrx_word' id='word_1_15' title='bbox 400 639 489 706; x_wconf 83' lang='lat' dir='ltr'>lacta</span> <span class='ocrx_word' id='word_1_16' title='bbox 506 642 696 707; x_wconf 77' lang='lat' dir='ltr'><strong>ostendit.</strong></span> <span class='ocrx_word' id='word_1_17' title='bbox 740 641 831 706; x_wconf 87' lang='lat' dir='ltr'>Mala</span> <span class='ocrx_word' id='word_1_18' title='bbox 851 641 930 724; x_wconf 86' lang='lat' dir='ltr'>iugi,</span> <span class='ocrx_word' id='word_1_19' title='bbox 950 640 1026 728; x_wconf 83' lang='lat' dir='ltr'><strong>eligi</strong></span> <span class='ocrx_word' id='word_1_20' title='bbox 1045 640 1130 707; x_wconf 89' lang='lat' dir='ltr'>bona</span> <span class='ocrx_word' id='word_1_21' title='bbox 1151 642 1236 708; x_wconf 66' lang='lat' dir='ltr'>vulta</span> <span class='ocrx_word' id='word_1_22' title='bbox 1264 663 1352 708; x_wconf 90' lang='lat' dir='ltr'>nonne</span> <span class='ocrx_word' id='word_1_23' title='bbox 1403 655 1404 691; x_wconf 66' lang='lat' dir='ltr'>l</span> 
     </span>
     <span class='ocr_line' id='line_1_4' title="bbox 157 739 1404 832; baseline 0 -24"><span class='ocrx_word' id='word_1_24' title='bbox 157 765 235 828; x_wconf 88' lang='lat' dir='ltr'>ergo</span> <span class='ocrx_word' id='word_1_25' title='bbox 253 744 327 830; x_wconf 89' lang='lat' dir='ltr'>ipsa</span> <span class='ocrx_word' id='word_1_26' title='bbox 345 743 450 808; x_wconf 86' lang='lat' dir='ltr'>bona?</span> <span class='ocrx_word' id='word_1_27' title='bbox 482 743 553 808; x_wconf 86' lang='lat' dir='ltr'>Lex</span> <span class='ocrx_word' id='word_1_28' title='bbox 572 743 787 830; x_wconf 82' lang='lat' dir='ltr'>Paedagogus</span> <span class='ocrx_word' id='word_1_29' title='bbox 814 744 856 808; x_wconf 90' lang='lat' dir='ltr'>ad</span> <span class='ocrx_word' id='word_1_30' title='bbox 877 739 1056 820; x_wconf 77' lang='lat' dir='ltr'>Christum,</span> <span class='ocrx_word' id='word_1_31' title='bbox 1082 767 1146 808; x_wconf 90' lang='lat' dir='ltr'>non</span> <span class='ocrx_word' id='word_1_32' title='bbox 1172 741 1283 832; x_wconf 84' lang='lat' dir='ltr'>potest</span> <span class='ocrx_word' id='word_1_33' title='bbox 1301 767 1353 809; x_wconf 91' lang='lat' dir='ltr'>non</span> <span class='ocrx_word' id='word_1_34' title='bbox 1403 755 1404 793; x_wconf 57' lang='grc' dir='ltr'>ἒ</span> 
     </span>
     <span class='ocr_line' id='line_1_5' title="bbox 116 841 1404 933; baseline 0.003 -27"><span class='ocrx_word' id='word_1_35' title='bbox 116 844 121 906; x_wconf 80' lang='lat'>1</span> <span class='ocrx_word' id='word_1_36' title='bbox 157 847 329 932; x_wconf 85' lang='lat' dir='ltr'>castigare.</span> <span class='ocrx_word' id='word_1_37' title='bbox 376 841 541 932; x_wconf 86' lang='lat' dir='ltr'>Castigati</span> <span class='ocrx_word' id='word_1_38' title='bbox 560 846 645 911; x_wconf 90' lang='lat' dir='ltr'>enim</span> <span class='ocrx_word' id='word_1_39' title='bbox 664 847 706 910; x_wconf 89' lang='lat' dir='ltr'>ad</span> <span class='ocrx_word' id='word_1_40' title='bbox 721 845 934 933; x_wconf 78' lang='lat' dir='ltr'>Sapientiam,</span> <span class='ocrx_word' id='word_1_41' title='bbox 949 846 1040 911; x_wconf 87' lang='lat' dir='ltr'>ouius</span> <span class='ocrx_word' id='word_1_42' title='bbox 1054 845 1184 912; x_wconf 89' lang='lat' dir='ltr'>initium</span> <span class='ocrx_word' id='word_1_43' title='bbox 1197 849 1292 912; x_wconf 91' lang='lat' dir='ltr'>timor</span> <span class='ocrx_word' id='word_1_44' title='bbox 1304 847 1353 922; x_wconf 88' lang='lat' dir='ltr'>dei,</span> <span class='ocrx_word' id='word_1_45' title='bbox 1403 859 1404 897; x_wconf 73' lang='lat'>1</span> 
     </span>
     <span class='ocr_line' id='line_1_6' title="bbox 140 947 1402 1036; baseline -0.003 -20"><span class='ocrx_word' id='word_1_46' title='bbox 140 949 372 1036; x_wconf 71' lang='lat' dir='ltr'>,pervenimus</span> <span class='ocrx_word' id='word_1_47' title='bbox 415 947 468 1012; x_wconf 90' lang='lat' dir='ltr'>De</span> <span class='ocrx_word' id='word_1_48' title='bbox 484 971 547 1033; x_wconf 83' lang='lat' dir='ltr'>qua</span> <span class='ocrx_word' id='word_1_49' title='bbox 563 948 723 1012; x_wconf 86' lang='lat' dir='ltr'>sententia</span> <span class='ocrx_word' id='word_1_50' title='bbox 739 970 820 1032; x_wconf 89' lang='lat' dir='ltr'>quae</span> <span class='ocrx_word' id='word_1_51' title='bbox 834 947 989 1014; x_wconf 78' lang='lat' dir='ltr'>Basilidis</span> <span class='ocrx_word' id='word_1_52' title='bbox 1005 949 1182 1014; x_wconf 74' lang='lat' dir='ltr'>sectatores</span> <span class='ocrx_word' id='word_1_53' title='bbox 1202 954 1236 1015; x_wconf 87' lang='lat' dir='ltr'>et</span> <span class='ocrx_word' id='word_1_54' title='bbox 1250 949 1353 1015; x_wconf 85' lang='lat' dir='ltr'>Valen-</span> <span class='ocrx_word' id='word_1_55' title='bbox 1401 989 1402 994; x_wconf 22' lang='grc' dir='ltr'><strong><em>κ</em></strong></span> 
     </span>
     <span class='ocr_line' id='line_1_7' title="bbox 157 1049 1355 1137; baseline -0.003 -21"><span class='ocrx_word' id='word_1_56' title='bbox 157 1049 248 1116; x_wconf 89' lang='lat' dir='ltr'>tinus</span> <span class='ocrx_word' id='word_1_57' title='bbox 264 1049 515 1127; x_wconf 85' lang='lat' dir='ltr'>somniaverunt,</span> <span class='ocrx_word' id='word_1_58' title='bbox 531 1071 570 1114; x_wconf 86' lang='lat' dir='ltr'>ee</span> <span class='ocrx_word' id='word_1_59' title='bbox 583 1053 708 1136; x_wconf 88' lang='lat' dir='ltr'>postea,</span> <span class='ocrx_word' id='word_1_60' title='bbox 724 1073 788 1115; x_wconf 93' lang='lat' dir='ltr'>uno</span> <span class='ocrx_word' id='word_1_61' title='bbox 803 1053 932 1115; x_wconf 85' lang='lat' dir='ltr'>tantum</span> <span class='ocrx_word' id='word_1_62' title='bbox 943 1049 1102 1137; x_wconf 89' lang='lat' dir='ltr'>principio</span> <span class='ocrx_word' id='word_1_63' title='bbox 1114 1051 1235 1136; x_wconf 87' lang='lat' dir='ltr'>agnito,</span> <span class='ocrx_word' id='word_1_64' title='bbox 1249 1049 1355 1116; x_wconf 87' lang='lat' dir='ltr'>somnia</span> 
     </span>
     <span class='ocr_line' id='line_1_8' title="bbox 157 1145 1402 1240; baseline -0.005 -22"><span class='ocrx_word' id='word_1_65' title='bbox 157 1173 230 1218; x_wconf 88' lang='lat' dir='ltr'>esse</span> <span class='ocrx_word' id='word_1_66' title='bbox 245 1151 422 1240; x_wconf 88' lang='lat' dir='ltr'>apparebit.</span> <span class='ocrx_word' id='word_1_67' title='bbox 465 1151 553 1216; x_wconf 83' lang='lat' dir='ltr'>Nihil</span> <span class='ocrx_word' id='word_1_68' title='bbox 574 1174 650 1216; x_wconf 81' lang='lat' dir='ltr'>rane</span> <span class='ocrx_word' id='word_1_69' title='bbox 670 1151 794 1217; x_wconf 90' lang='lat' dir='ltr'>indicat</span> <span class='ocrx_word' id='word_1_70' title='bbox 808 1150 979 1239; x_wconf 80' lang='lat' dir='ltr'>Scriptura</span> <span class='ocrx_word' id='word_1_71' title='bbox 999 1153 1106 1218; x_wconf 78' lang='lat' dir='ltr'>verbis</span> <span class='ocrx_word' id='word_1_72' title='bbox 1121 1153 1196 1229; x_wconf 93' lang='lat' dir='ltr'>illis,</span> <span class='ocrx_word' id='word_1_73' title='bbox 1218 1151 1280 1216; x_wconf 90' lang='lat' dir='ltr'>nisi</span> <span class='ocrx_word' id='word_1_74' title='bbox 1292 1149 1353 1216; x_wconf 89' lang='lat' dir='ltr'>hcc:</span> <span class='ocrx_word' id='word_1_75' title='bbox 1401 1145 1402 1148; x_wconf 63' lang='grc'>’</span> 
     </span>
     <span class='ocr_line' id='line_1_9' title="bbox 157 1249 1404 1342; baseline -0.004 -22"><span class='ocrx_word' id='word_1_76' title='bbox 157 1249 307 1340; x_wconf 78' lang='lat' dir='ltr'>quos&#39;lsx</span> <span class='ocrx_word' id='word_1_77' title='bbox 321 1277 386 1320; x_wconf 89' lang='lat' dir='ltr'>non</span> <span class='ocrx_word' id='word_1_78' title='bbox 401 1257 568 1342; x_wconf 85' lang='lat' dir='ltr'>expugnat</span> <span class='ocrx_word' id='word_1_79' title='bbox 582 1254 718 1334; x_wconf 82' lang='lat' dir='ltr'>ratione,</span> <span class='ocrx_word' id='word_1_80' title='bbox 735 1275 790 1318; x_wconf 90' lang='lat' dir='ltr'>eos</span> <span class='ocrx_word' id='word_1_81' title='bbox 810 1253 926 1318; x_wconf 90' lang='lat' dir='ltr'>timore</span> <span class='ocrx_word' id='word_1_82' title='bbox 947 1253 1171 1322; x_wconf 81' lang='lat' dir='ltr'>mansuefacit.</span> <span class='ocrx_word' id='word_1_83' title='bbox 1216 1251 1280 1320; x_wconf 85' lang='lat' dir='ltr'>Sed</span> <span class='ocrx_word' id='word_1_84' title='bbox 1293 1253 1355 1316; x_wconf 90' lang='lat' dir='ltr'>bae·</span> <span class='ocrx_word' id='word_1_85' title='bbox 1403 1267 1404 1306; x_wconf 73' lang='lat' dir='ltr'>l</span> 
     </span>
     <span class='ocr_line' id='line_1_10' title="bbox 158 1353 1404 1454; baseline -0.004 -32"><span class='ocrx_word' id='word_1_86' title='bbox 158 1357 251 1424; x_wconf 87' lang='lat' dir='ltr'>retici</span> <span class='ocrx_word' id='word_1_87' title='bbox 264 1357 324 1423; x_wconf 63' lang='lat' dir='ltr'>isti,</span> <span class='ocrx_word' id='word_1_88' title='bbox 337 1356 416 1423; x_wconf 92' lang='lat' dir='ltr'>illud</span> <span class='ocrx_word' id='word_1_89' title='bbox 432 1357 582 1433; x_wconf 87' lang='lat' dir='ltr'>„initium</span> <span class='ocrx_word' id='word_1_90' title='bbox 598 1355 808 1454; x_wconf 44' lang='lat' dir='ltr'>sapientiae‘ff</span> <span class='ocrx_word' id='word_1_91' title='bbox 822 1357 863 1420; x_wconf 90' lang='lat' dir='ltr'>ad</span> <span class='ocrx_word' id='word_1_92' title='bbox 878 1355 973 1420; x_wconf 87' lang='lat' dir='ltr'>deum</span> <span class='ocrx_word' id='word_1_93' title='bbox 988 1356 1165 1444; x_wconf 83' lang='lat' dir='ltr'>principem</span> <span class='ocrx_word' id='word_1_94' title='bbox 1181 1377 1274 1422; x_wconf 89' lang='lat' dir='ltr'>suum</span> <span class='ocrx_word' id='word_1_95' title='bbox 1288 1353 1355 1420; x_wconf 87' lang='lat' dir='ltr'>reie-</span> <span class='ocrx_word' id='word_1_96' title='bbox 1403 1371 1404 1408; x_wconf 56' lang='grc' dir='ltr'>ὲ</span> 
     </span>
     <span class='ocr_line' id='line_1_11' title="bbox 157 1456 1404 1546; baseline -0.004 -21"><span class='ocrx_word' id='word_1_97' title='bbox 157 1463 246 1541; x_wconf 87' lang='lat' dir='ltr'>runt,</span> <span class='ocrx_word' id='word_1_98' title='bbox 273 1459 328 1545; x_wconf 91' lang='lat' dir='ltr'>qui</span> <span class='ocrx_word' id='word_1_99' title='bbox 355 1458 500 1546; x_wconf 88' lang='lat' dir='ltr'>Spiritus</span> <span class='ocrx_word' id='word_1_100' title='bbox 526 1456 660 1523; x_wconf 89' lang='lat' dir='ltr'>verbum</span> <span class='ocrx_word' id='word_1_101' title='bbox 684 1481 783 1546; x_wconf 89' lang='lat' dir='ltr'>quum</span> <span class='ocrx_word' id='word_1_102' title='bbox 808 1456 957 1534; x_wconf 90' lang='lat' dir='ltr'>audierit,</span> <span class='ocrx_word' id='word_1_103' title='bbox 982 1457 1228 1545; x_wconf 77' lang='lat' dir='ltr'>obstupefactus</span> <span class='ocrx_word' id='word_1_104' title='bbox 1255 1479 1355 1543; x_wconf 79' lang='lat' dir='ltr'>genera</span> <span class='ocrx_word' id='word_1_105' title='bbox 1403 1473 1404 1486; x_wconf 63' lang='lat'>¹</span> 
     </span>
     <span class='ocr_line' id='line_1_12' title="bbox 156 1558 1404 1648; baseline -0.002 -21"><span class='ocrx_word' id='word_1_106' title='bbox 156 1561 344 1639; x_wconf 83' lang='lat' dir='ltr'>diiudicare,</span> <span class='ocrx_word' id='word_1_107' title='bbox 365 1562 556 1636; x_wconf 85' lang='lat' dir='ltr'>discernere,</span> <span class='ocrx_word' id='word_1_108' title='bbox 577 1558 738 1646; x_wconf 89' lang='lat' dir='ltr'>perficere,</span> <span class='ocrx_word' id='word_1_109' title='bbox 758 1559 931 1624; x_wconf 88' lang='lat' dir='ltr'>rest&#39;tuere</span> <span class='ocrx_word' id='word_1_110' title='bbox 945 1559 1112 1648; x_wconf 81' lang='lat' dir='ltr'>inceperit.</span> <span class='ocrx_word' id='word_1_111' title='bbox 1137 1561 1244 1646; x_wconf 89' lang='lat' dir='ltr'>Atqui</span> <span class='ocrx_word' id='word_1_112' title='bbox 1258 1561 1354 1626; x_wconf 88' lang='lat' dir='ltr'>obstu·</span> <span class='ocrx_word' id='word_1_113' title='bbox 1403 1577 1404 1612; x_wconf 65' lang='lat' dir='ltr'>l</span> 
     </span>
     <span class='ocr_line' id='line_1_13' title="bbox 156 1660 1355 1753; baseline -0.003 -23"><span class='ocrx_word' id='word_1_114' title='bbox 156 1663 274 1753; x_wconf 88' lang='lat' dir='ltr'>pescit,</span> <span class='ocrx_word' id='word_1_115' title='bbox 291 1663 347 1749; x_wconf 89' lang='lat' dir='ltr'>qui</span> <span class='ocrx_word' id='word_1_116' title='bbox 360 1667 456 1729; x_wconf 86' lang='lat' dir='ltr'>antea</span> <span class='ocrx_word' id='word_1_117' title='bbox 470 1661 643 1749; x_wconf 86' lang='lat' dir='ltr'>ignoravit.</span> <span class='ocrx_word' id='word_1_118' title='bbox 679 1660 768 1746; x_wconf 82' lang='lat' dir='ltr'>Ergo</span> <span class='ocrx_word' id='word_1_119' title='bbox 782 1662 861 1726; x_wconf 91' lang='lat' dir='ltr'>deus</span> <span class='ocrx_word' id='word_1_120' title='bbox 876 1661 929 1726; x_wconf 92' lang='lat' dir='ltr'>ille</span> <span class='ocrx_word' id='word_1_121' title='bbox 943 1661 1037 1728; x_wconf 91' lang='lat' dir='ltr'>initio</span> <span class='ocrx_word' id='word_1_122' title='bbox 1050 1663 1217 1750; x_wconf 86' lang='lat' dir='ltr'>ignorans,</span> <span class='ocrx_word' id='word_1_123' title='bbox 1232 1667 1266 1730; x_wconf 89' lang='lat' dir='ltr'>et</span> <span class='ocrx_word' id='word_1_124' title='bbox 1279 1662 1355 1748; x_wconf 81' lang='lat' dir='ltr'>ignc-</span> 
     </span>
     <span class='ocr_line' id='line_1_14' title="bbox 156 1763 1355 1853; baseline -0.005 -21"><span class='ocrx_word' id='word_1_125' title='bbox 156 1768 263 1832; x_wconf 84' lang='lat' dir='ltr'>rantia</span> <span class='ocrx_word' id='word_1_126' title='bbox 277 1765 383 1853; x_wconf 90' lang='lat' dir='ltr'>prima</span> <span class='ocrx_word' id='word_1_127' title='bbox 397 1765 500 1829; x_wconf 90' lang='lat' dir='ltr'>totius</span> <span class='ocrx_word' id='word_1_128' title='bbox 515 1763 626 1850; x_wconf 84' lang='lat' dir='ltr'>mundi</span> <span class='ocrx_word' id='word_1_129' title='bbox 641 1763 823 1841; x_wconf 87' lang='lat' dir='ltr'>creationis,</span> <span class='ocrx_word' id='word_1_130' title='bbox 838 1764 1068 1845; x_wconf 87' lang='lat' dir='ltr'>restitutionis,</span> <span class='ocrx_word' id='word_1_131' title='bbox 1084 1764 1251 1830; x_wconf 87' lang='lat' dir='ltr'>electionis</span> <span class='ocrx_word' id='word_1_132' title='bbox 1266 1773 1355 1829; x_wconf 79' lang='lat' dir='ltr'>causa.</span> 
     </span>
    </p>

    <p class='ocr_par' dir='ltr' id='par_1_3' title="bbox 56 1851 1357 2366">
     <span class='ocr_line' id='line_1_15' title="bbox 56 1851 1355 1954; baseline -0.005 -20"><span class='ocrx_word' id='word_1_133' title='bbox 56 1875 60 1883; x_wconf 86' lang='grc'><strong>’</strong></span> <span class='ocrx_word' id='word_1_134' title='bbox 159 1867 286 1951; x_wconf 81' lang='lat' dir='ltr'>Quodsi</span> <span class='ocrx_word' id='word_1_135' title='bbox 308 1869 387 1932; x_wconf 89' lang='lat' dir='ltr'>deus</span> <span class='ocrx_word' id='word_1_136' title='bbox 406 1867 460 1932; x_wconf 91' lang='lat' dir='ltr'>ille</span> <span class='ocrx_word' id='word_1_137' title='bbox 486 1867 622 1932; x_wconf 88' lang='lat' dir='ltr'>honesta</span> <span class='ocrx_word' id='word_1_138' title='bbox 644 1865 807 1950; x_wconf 86' lang='lat' dir='ltr'>ignoravit</span> <span class='ocrx_word' id='word_1_139' title='bbox 826 1869 932 1942; x_wconf 88' lang='lat' dir='ltr'>antea,</span> <span class='ocrx_word' id='word_1_140' title='bbox 958 1851 1314 1954; x_wconf 34' lang='lat' dir='ltr'>quidlfacereces&#39;sati</span> <span class='ocrx_word' id='word_1_141' title='bbox 1336 1864 1355 1930; x_wconf 89' lang='lat' dir='ltr'>si</span> 
     </span>
     <span class='ocr_line' id='line_1_16' title="bbox 157 1966 1355 2060; baseline -0.006 -23"><span class='ocrx_word' id='word_1_142' title='bbox 157 1970 252 2048; x_wconf 89' lang='lat' dir='ltr'>mala,</span> <span class='ocrx_word' id='word_1_143' title='bbox 269 1970 428 2060; x_wconf 90' lang='lat' dir='ltr'>quomodo</span> <span class='ocrx_word' id='word_1_144' title='bbox 443 1969 562 2034; x_wconf 87' lang='lat' dir='ltr'>malum</span> <span class='ocrx_word' id='word_1_145' title='bbox 577 1990 683 2033; x_wconf 86' lang='lat' dir='ltr'>rerum</span> <span class='ocrx_word' id='word_1_146' title='bbox 699 1966 891 2055; x_wconf 90' lang='lat' dir='ltr'>optimarum</span> <span class='ocrx_word' id='word_1_147' title='bbox 908 1969 1026 2032; x_wconf 86' lang='lat' dir='ltr'>causa?</span> <span class='ocrx_word' id='word_1_148' title='bbox 1047 1968 1199 2047; x_wconf 81' lang='lat' dir='ltr'>&#39;Plurima</span> <span class='ocrx_word' id='word_1_149' title='bbox 1218 1975 1320 2036; x_wconf 85' lang='lat' dir='ltr'>autem</span> <span class='ocrx_word' id='word_1_150' title='bbox 1331 1966 1355 2030; x_wconf 91' lang='lat' dir='ltr'>hi</span> 
     </span>
     <span class='ocr_line' id='line_1_17' title="bbox 157 2068 1355 2160; baseline -0.006 -22"><span class='ocrx_word' id='word_1_151' title='bbox 157 2073 336 2139; x_wconf 82' lang='lat' dir='ltr'>defendunt</span> <span class='ocrx_word' id='word_1_152' title='bbox 348 2071 575 2160; x_wconf 85' lang='lat' dir='ltr'>repugnantia,</span> <span class='ocrx_word' id='word_1_153' title='bbox 592 2069 708 2158; x_wconf 91' lang='lat' dir='ltr'>quibus</span> <span class='ocrx_word' id='word_1_154' title='bbox 731 2093 796 2134; x_wconf 91' lang='lat' dir='ltr'>una</span> <span class='ocrx_word' id='word_1_155' title='bbox 811 2092 883 2134; x_wconf 91' lang='lat' dir='ltr'>cum</span> <span class='ocrx_word' id='word_1_156' title='bbox 898 2069 1074 2136; x_wconf 83' lang='lat' dir='ltr'>Marcionis</span> <span class='ocrx_word' id='word_1_157' title='bbox 1094 2070 1264 2158; x_wconf 90' lang='lat' dir='ltr'>discipulis</span> <span class='ocrx_word' id='word_1_158' title='bbox 1278 2068 1355 2135; x_wconf 87' lang='lat' dir='ltr'>mini-</span> 
     </span>
     <span class='ocr_line' id='line_1_18' title="bbox 158 2160 1355 2260; baseline -0.006 -18"><span class='ocrx_word' id='word_1_159' title='bbox 158 2160 213 2242; x_wconf 44' lang='lat' dir='ltr'>me&#39;</span> <span class='ocrx_word' id='word_1_160' title='bbox 223 2173 430 2240; x_wconf 84' lang='lat' dir='ltr'>audientibus</span> <span class='ocrx_word' id='word_1_161' title='bbox 446 2174 481 2240; x_wconf 86' lang='lat' dir='ltr'>S.</span> <span class='ocrx_word' id='word_1_162' title='bbox 495 2173 665 2260; x_wconf 88' lang='lat' dir='ltr'>Scriptura</span> <span class='ocrx_word' id='word_1_163' title='bbox 679 2170 802 2237; x_wconf 85' lang='lat' dir='ltr'>frustra</span> <span class='ocrx_word' id='word_1_164' title='bbox 816 2170 957 2260; x_wconf 88' lang='lat' dir='ltr'>requiem</span> <span class='ocrx_word' id='word_1_165' title='bbox 973 2175 1008 2237; x_wconf 91' lang='lat' dir='ltr'>et</span> <span class='ocrx_word' id='word_1_166' title='bbox 1021 2192 1133 2259; x_wconf 88' lang='lat' dir='ltr'>pacem</span> <span class='ocrx_word' id='word_1_167' title='bbox 1148 2174 1285 2240; x_wconf 84' lang='lat' dir='ltr'>offerens</span> <span class='ocrx_word' id='word_1_168' title='bbox 1296 2191 1355 2260; x_wconf 89' lang='lat' dir='ltr'>pro·</span> 
     </span>
     <span class='ocr_line' id='line_1_19' title="bbox 157 2271 1357 2366; baseline -0.007 -22"><span class='ocrx_word' id='word_1_169' title='bbox 157 2277 271 2344; x_wconf 89' lang='lat' dir='ltr'>mittit.</span> <span class='ocrx_word' id='word_1_170' title='bbox 316 2276 382 2342; x_wconf 90' lang='lat' dir='ltr'>Sed</span> <span class='ocrx_word' id='word_1_171' title='bbox 397 2275 530 2362; x_wconf 87' lang='lat' dir='ltr'>Legem,</span> <span class='ocrx_word' id='word_1_172' title='bbox 545 2273 706 2366; x_wconf 76' lang='lat' dir='ltr'>iustitiam</span> <span class='ocrx_word' id='word_1_173' title='bbox 727 2298 747 2340; x_wconf 89' lang='lat' dir='ltr'>a</span> <span class='ocrx_word' id='word_1_174' title='bbox 760 2273 907 2340; x_wconf 90' lang='lat' dir='ltr'>bonitate</span> <span class='ocrx_word' id='word_1_175' title='bbox 928 2277 1127 2361; x_wconf 85' lang='lat' dir='ltr'>separantes,</span> <span class='ocrx_word' id='word_1_176' title='bbox 1142 2276 1274 2352; x_wconf 87' lang='lat' dir='ltr'>iustam,</span> <span class='ocrx_word' id='word_1_177' title='bbox 1287 2271 1357 2342; x_wconf 88' lang='lat' dir='ltr'>baud</span> 
     </span>
    </p>

    <p class='ocr_par' dir='ltr' id='par_1_4' title="bbox 143 2375 1404 2770">
     <span class='ocr_line' id='line_1_20' title="bbox 143 2375 1356 2464; baseline -0.007 -18"><span class='ocrx_word' id='word_1_178' title='bbox 143 2383 267 2464; x_wconf 34' lang='lat' dir='ltr'>,tamen</span> <span class='ocrx_word' id='word_1_179' title='bbox 289 2379 424 2446; x_wconf 90' lang='lat' dir='ltr'>bonam</span> <span class='ocrx_word' id='word_1_180' title='bbox 446 2401 517 2444; x_wconf 89' lang='lat' dir='ltr'>esse</span> <span class='ocrx_word' id='word_1_181' title='bbox 537 2376 659 2442; x_wconf 90' lang='lat' dir='ltr'>volunt.</span> <span class='ocrx_word' id='word_1_182' title='bbox 703 2376 753 2441; x_wconf 88' lang='lat' dir='ltr'>At</span> <span class='ocrx_word' id='word_1_183' title='bbox 776 2397 852 2442; x_wconf 89' lang='lat' dir='ltr'>vero</span> <span class='ocrx_word' id='word_1_184' title='bbox 873 2375 1035 2442; x_wconf 89' lang='lat' dir='ltr'>Dominus</span> <span class='ocrx_word' id='word_1_185' title='bbox 1060 2399 1126 2443; x_wconf 91' lang='lat' dir='ltr'>non</span> <span class='ocrx_word' id='word_1_186' title='bbox 1149 2379 1270 2444; x_wconf 87' lang='lat' dir='ltr'>malum</span> <span class='ocrx_word' id='word_1_187' title='bbox 1289 2375 1356 2442; x_wconf 84' lang='lat' dir='ltr'>malo</span> 
     </span>
     <span class='ocr_line' id='line_1_21' title="bbox 156 2478 1356 2564; baseline -0.007 -17"><span class='ocrx_word' id='word_1_188' title='bbox 156 2481 284 2558; x_wconf 86' lang='lat' dir='ltr'>liberat,</span> <span class='ocrx_word' id='word_1_189' title='bbox 302 2479 359 2544; x_wconf 92' lang='lat' dir='ltr'>sed</span> <span class='ocrx_word' id='word_1_190' title='bbox 373 2481 569 2546; x_wconf 86' lang='lat' dir='ltr'>contrarium</span> <span class='ocrx_word' id='word_1_191' title='bbox 585 2479 756 2554; x_wconf 86' lang='lat' dir='ltr'>contrario,</span> <span class='ocrx_word' id='word_1_192' title='bbox 772 2478 855 2544; x_wconf 90' lang='lat' dir='ltr'>bono</span> <span class='ocrx_word' id='word_1_193' title='bbox 871 2501 947 2564; x_wconf 83' lang='lat' dir='ltr'>ergo</span> <span class='ocrx_word' id='word_1_194' title='bbox 962 2479 1090 2544; x_wconf 89' lang='lat' dir='ltr'>malurn.</span> <span class='ocrx_word' id='word_1_195' title='bbox 1136 2479 1264 2560; x_wconf 82' lang='lat' dir='ltr'>Quodsi</span> <span class='ocrx_word' id='word_1_196' title='bbox 1272 2481 1356 2546; x_wconf 84' lang='lat' dir='ltr'>timor</span> 
     </span>
     <span class='ocr_line' id='line_1_22' title="bbox 157 2580 1355 2670; baseline -0.006 -20"><span class='ocrx_word' id='word_1_197' title='bbox 157 2583 243 2650; x_wconf 89' lang='lat' dir='ltr'>mala</span> <span class='ocrx_word' id='word_1_198' title='bbox 257 2581 359 2670; x_wconf 89' lang='lat' dir='ltr'>pellit,</span> <span class='ocrx_word' id='word_1_199' title='bbox 374 2581 478 2646; x_wconf 91' lang='lat' dir='ltr'>bonus</span> <span class='ocrx_word' id='word_1_200' title='bbox 493 2581 590 2648; x_wconf 90' lang='lat' dir='ltr'>timor</span> <span class='ocrx_word' id='word_1_201' title='bbox 600 2587 639 2662; x_wconf 84' lang='lat'>¹).</span> <span class='ocrx_word' id='word_1_202' title='bbox 686 2580 762 2646; x_wconf 85' lang='lat' dir='ltr'>Etsi</span> <span class='ocrx_word' id='word_1_203' title='bbox 780 2581 864 2646; x_wconf 91' lang='lat' dir='ltr'>euim</span> <span class='ocrx_word' id='word_1_204' title='bbox 885 2584 983 2646; x_wconf 90' lang='lat' dir='ltr'>timor</span> <span class='ocrx_word' id='word_1_205' title='bbox 996 2581 1200 2668; x_wconf 84' lang='lat' dir='ltr'>perturbatio</span> <span class='ocrx_word' id='word_1_206' title='bbox 1215 2605 1285 2660; x_wconf 84' lang='lat' dir='ltr'>esse</span> <span class='ocrx_word' id='word_1_207' title='bbox 1299 2581 1355 2668; x_wconf 92' lang='lat' dir='ltr'>pct-</span> 
     </span>
     <span class='ocr_line' id='line_1_23' title="bbox 156 2682 1404 2770; baseline -0.007 -18"><span class='ocrx_word' id='word_1_208' title='bbox 156 2689 220 2763; x_wconf 86' lang='lat' dir='ltr'>est,</span> <span class='ocrx_word' id='word_1_209' title='bbox 236 2689 345 2750; x_wconf 88' lang='lat' dir='ltr'>tamen</span> <span class='ocrx_word' id='word_1_210' title='bbox 365 2705 429 2749; x_wconf 89' lang='lat' dir='ltr'>non</span> <span class='ocrx_word' id='word_1_211' title='bbox 451 2683 554 2749; x_wconf 90' lang='lat' dir='ltr'>omnis</span> <span class='ocrx_word' id='word_1_212' title='bbox 575 2683 672 2748; x_wconf 86' lang='lat' dir='ltr'>timor</span> <span class='ocrx_word' id='word_1_213' title='bbox 692 2683 904 2770; x_wconf 86' lang='lat' dir='ltr'>perturbatio.</span> <span class='ocrx_word' id='word_1_214' title='bbox 948 2683 1003 2750; x_wconf 89' lang='lat' dir='ltr'>Sic</span> <span class='ocrx_word' id='word_1_215' title='bbox 1017 2683 1115 2750; x_wconf 88' lang='lat' dir='ltr'>timor</span> <span class='ocrx_word' id='word_1_216' title='bbox 1129 2709 1149 2750; x_wconf 89' lang='lat' dir='ltr'>a</span> <span class='ocrx_word' id='word_1_217' title='bbox 1164 2682 1356 2752; x_wconf 89' lang='lat' dir='ltr'>daemonibus</span> <span class='ocrx_word' id='word_1_218' title='bbox 1403 2691 1404 2720; x_wconf 63' lang='lat' dir='ltr'>l</span> 
     </span>
    </p>

    <p class='ocr_par' dir='ltr' id='par_1_5' title="bbox 65 2773 1404 3180">
     <span class='ocr_line' id='line_1_24' title="bbox 65 2773 1404 2876; baseline -0.006 -23"><span class='ocrx_word' id='word_1_219' title='bbox 65 2856 68 2866; x_wconf 70' lang='lat'>,</span> <span class='ocrx_word' id='word_1_220' title='bbox 149 2786 376 2876; x_wconf 77' lang='lat' dir='ltr'>perturbatio,</span> <span class='ocrx_word' id='word_1_221' title='bbox 403 2784 500 2850; x_wconf 88' lang='lat' dir='ltr'>timor</span> <span class='ocrx_word' id='word_1_222' title='bbox 525 2788 634 2852; x_wconf 87' lang='lat' dir='ltr'>autem</span> <span class='ocrx_word' id='word_1_223' title='bbox 659 2785 737 2866; x_wconf 86' lang='lat' dir='ltr'>Dei,</span> <span class='ocrx_word' id='word_1_224' title='bbox 763 2773 817 2850; x_wconf 77' lang='lat' dir='ltr'>roi</span> <span class='ocrx_word' id='word_1_225' title='bbox 839 2786 989 2860; x_wconf 75' lang='grc' dir='ltr'><strong>ἀπαθοῦς,</strong></span> <span class='ocrx_word' id='word_1_226' title='bbox 1012 2788 1172 2866; x_wconf 87' lang='lat' dir='ltr'>neminem</span> <span class='ocrx_word' id='word_1_227' title='bbox 1194 2785 1356 2876; x_wconf 88' lang='lat' dir='ltr'>perturbat.</span> <span class='ocrx_word' id='word_1_228' title='bbox 1401 2803 1404 2832; x_wconf 52' lang='lat'>‘³</span> 
     </span>
     <span class='ocr_line' id='line_1_25' title="bbox 154 2872 1404 2966; baseline 0 -10"><span class='ocrx_word' id='word_1_229' title='bbox 154 2872 323 2957; x_wconf 67' lang='lat' dir='ltr'>{timemus</span> <span class='ocrx_word' id='word_1_230' title='bbox 339 2889 423 2955; x_wconf 88' lang='lat' dir='ltr'>enim</span> <span class='ocrx_word' id='word_1_231' title='bbox 438 2911 503 2954; x_wconf 91' lang='lat' dir='ltr'>non</span> <span class='ocrx_word' id='word_1_232' title='bbox 518 2911 537 2952; x_wconf 89' lang='lat' dir='ltr'>a</span> <span class='ocrx_word' id='word_1_233' title='bbox 551 2888 621 2966; x_wconf 90' lang='lat' dir='ltr'>dec,</span> <span class='ocrx_word' id='word_1_234' title='bbox 638 2889 749 2954; x_wconf 88' lang='lat' dir='ltr'>sedne</span> <span class='ocrx_word' id='word_1_235' title='bbox 764 2909 784 2952; x_wconf 87' lang='lat' dir='ltr'>a</span> <span class='ocrx_word' id='word_1_236' title='bbox 798 2888 858 2954; x_wconf 89' lang='lat' dir='ltr'>deo</span> <span class='ocrx_word' id='word_1_237' title='bbox 873 2887 1069 2966; x_wconf 85' lang='lat' dir='ltr'>deficiamus,</span> <span class='ocrx_word' id='word_1_238' title='bbox 1081 2911 1161 2955; x_wconf 88' lang='lat' dir='ltr'>neve</span> <span class='ocrx_word' id='word_1_239' title='bbox 1175 2889 1210 2954; x_wconf 92' lang='lat' dir='ltr'>in</span> <span class='ocrx_word' id='word_1_240' title='bbox 1225 2889 1307 2956; x_wconf 87' lang='lat' dir='ltr'>mala</span> <span class='ocrx_word' id='word_1_241' title='bbox 1318 2887 1356 2950; x_wconf 91' lang='lat' dir='ltr'>in·</span> <span class='ocrx_word' id='word_1_242' title='bbox 1403 2897 1404 2956; x_wconf 59' lang='lat' dir='ltr'>i</span> 
     </span>
     <span class='ocr_line' id='line_1_26' title="bbox 157 2981 1356 3079; baseline -0.007 -19"><span class='ocrx_word' id='word_1_243' title='bbox 157 2993 314 3060; x_wconf 73' lang='lat' dir='ltr'>ridemus.</span> <span class='ocrx_word' id='word_1_244' title='bbox 355 2993 406 3058; x_wconf 81' lang='lat' dir='ltr'>At</span> <span class='ocrx_word' id='word_1_245' title='bbox 420 3013 495 3056; x_wconf 85' lang='lat' dir='ltr'>vero</span> <span class='ocrx_word' id='word_1_246' title='bbox 510 2991 565 3079; x_wconf 80' lang='lat' dir='ltr'>qui</span> <span class='ocrx_word' id='word_1_247' title='bbox 579 3013 620 3056; x_wconf 91' lang='lat' dir='ltr'>ne</span> <span class='ocrx_word' id='word_1_248' title='bbox 635 2981 741 3067; x_wconf 83' lang='lat' dir='ltr'>cadat,</span> <span class='ocrx_word' id='word_1_249' title='bbox 757 2990 862 3068; x_wconf 83' lang='lat' dir='ltr'>timet,</span> <span class='ocrx_word' id='word_1_250' title='bbox 878 2990 906 3054; x_wconf 90' lang='lat' dir='ltr'>is</span> <span class='ocrx_word' id='word_1_251' title='bbox 921 2990 1094 3056; x_wconf 87' lang='lat' dir='ltr'>manifesto</span> <span class='ocrx_word' id='word_1_252' title='bbox 1110 3013 1144 3056; x_wconf 86' lang='lat' dir='ltr'>se</span> <span class='ocrx_word' id='word_1_253' title='bbox 1160 2992 1230 3057; x_wconf 91' lang='lat' dir='ltr'>sine</span> <span class='ocrx_word' id='word_1_254' title='bbox 1245 2993 1356 3079; x_wconf 86' lang='lat' dir='ltr'>pertur-</span> 
     </span>
     <span class='ocr_line' id='line_1_27' title="bbox 156 3092 1404 3180; baseline -0.004 -17"><span class='ocrx_word' id='word_1_255' title='bbox 156 3095 289 3163; x_wconf 88' lang='lat' dir='ltr'>batione</span> <span class='ocrx_word' id='word_1_256' title='bbox 303 3096 372 3162; x_wconf 88' lang='lat' dir='ltr'>fore</span> <span class='ocrx_word' id='word_1_257' title='bbox 386 3095 534 3162; x_wconf 84' lang='lat' dir='ltr'>voluerit.</span> <span class='ocrx_word' id='word_1_258' title='bbox 578 3093 709 3159; x_wconf 82' lang='lat' dir='ltr'>Narnia</span> <span class='ocrx_word' id='word_1_259' title='bbox 724 3093 839 3158; x_wconf 88' lang='lat' dir='ltr'>timore</span> <span class='ocrx_word' id='word_1_260' title='bbox 855 3093 987 3158; x_wconf 89' lang='lat' dir='ltr'>Domini</span> <span class='ocrx_word' id='word_1_261' title='bbox 995 3095 1078 3180; x_wconf 88' lang='lat' dir='ltr'>&#39;spes</span> <span class='ocrx_word' id='word_1_262' title='bbox 1091 3092 1293 3160; x_wconf 81' lang='lat' dir='ltr'>tortitudinis</span> <span class='ocrx_word' id='word_1_263' title='bbox 1303 3092 1338 3175; x_wconf 76' lang='lat'>²).</span> <span class='ocrx_word' id='word_1_264' title='bbox 1403 3097 1404 3142; x_wconf 77' lang='lat' dir='ltr'>l</span> 
     </span>
    </p>

    <p class='ocr_par' dir='ltr' id='par_1_6' title="bbox 156 3183 1404 4105">
     <span class='ocr_line' id='line_1_28' title="bbox 223 3183 1404 3282; baseline 0.001 -19"><span class='ocrx_word' id='word_1_265' title='bbox 223 3197 392 3263; x_wconf 81' lang='lat' dir='ltr'>Eiusmodi</span> <span class='ocrx_word' id='word_1_266' title='bbox 407 3200 515 3262; x_wconf 90' lang='lat' dir='ltr'>autem</span> <span class='ocrx_word' id='word_1_267' title='bbox 530 3197 628 3262; x_wconf 88' lang='lat' dir='ltr'>timor</span> <span class='ocrx_word' id='word_1_268' title='bbox 642 3195 774 3262; x_wconf 88' lang='lat' dir='ltr'>deducit</span> <span class='ocrx_word' id='word_1_269' title='bbox 794 3197 828 3260; x_wconf 89' lang='lat' dir='ltr'>et</span> <span class='ocrx_word' id='word_1_270' title='bbox 843 3193 1131 3281; x_wconf 73' lang='lat' dir='ltr'>ad&#39;poenitentiam</span> <span class='ocrx_word' id='word_1_271' title='bbox 1152 3200 1190 3261; x_wconf 84' lang='lat' dir='ltr'>et</span> <span class='ocrx_word' id='word_1_272' title='bbox 1209 3197 1252 3262; x_wconf 91' lang='lat' dir='ltr'>ad</span> <span class='ocrx_word' id='word_1_273' title='bbox 1272 3214 1356 3282; x_wconf 65' lang='lat' dir='ltr'>spem,</span> <span class='ocrx_word' id='word_1_274' title='bbox 1403 3183 1404 3242; x_wconf 73' lang='lat' dir='ltr'>l</span> 
     </span>
     <span class='ocr_line' id='line_1_29' title="bbox 158 3289 1404 3386; baseline -0.006 -24"><span class='ocrx_word' id='word_1_275' title='bbox 158 3298 198 3363; x_wconf 90' lang='lat' dir='ltr'>de</span> <span class='ocrx_word' id='word_1_276' title='bbox 212 3322 277 3384; x_wconf 89' lang='lat' dir='ltr'>qua</span> <span class='ocrx_word' id='word_1_277' title='bbox 291 3324 377 3367; x_wconf 91' lang='lat' dir='ltr'>nunc</span> <span class='ocrx_word' id='word_1_278' title='bbox 397 3304 450 3365; x_wconf 90' lang='lat' dir='ltr'>est</span> <span class='ocrx_word' id='word_1_279' title='bbox 469 3299 642 3386; x_wconf 88' lang='lat' dir='ltr'>agendum.</span> <span class='ocrx_word' id='word_1_280' title='bbox 690 3297 892 3385; x_wconf 83' lang='lat' dir='ltr'>Spes&#39;igitur</span> <span class='ocrx_word' id='word_1_281' title='bbox 912 3299 965 3362; x_wconf 86' lang='lat' dir='ltr'>est</span> <span class='ocrx_word' id='word_1_282' title='bbox 982 3297 1137 3364; x_wconf 89' lang='lat' dir='ltr'>bonorum</span> <span class='ocrx_word' id='word_1_283' title='bbox 1158 3289 1368 3386; x_wconf 71' lang='lat' dir='ltr'>exspectatio,</span> <span class='ocrx_word' id='word_1_284' title='bbox 1403 3293 1404 3350; x_wconf 87' lang='lat' dir='ltr'>l</span> 
     </span>
     <span class='ocr_line' id='line_1_30' title="bbox 159 3398 1356 3488; baseline -0.004 -23"><span class='ocrx_word' id='word_1_285' title='bbox 159 3423 242 3486; x_wconf 89' lang='lat' dir='ltr'>quae</span> <span class='ocrx_word' id='word_1_286' title='bbox 257 3401 299 3466; x_wconf 89' lang='lat' dir='ltr'>ad</span> <span class='ocrx_word' id='word_1_287' title='bbox 314 3403 483 3468; x_wconf 84' lang='lat' dir='ltr'>caritatem</span> <span class='ocrx_word' id='word_1_288' title='bbox 498 3399 656 3488; x_wconf 88' lang='lat' dir='ltr'>perducit.</span> <span class='ocrx_word' id='word_1_289' title='bbox 680 3398 811 3473; x_wconf 83' lang='lat' dir='ltr'>Caritas</span> <span class='ocrx_word' id='word_1_290' title='bbox 827 3402 936 3465; x_wconf 89' lang='lat' dir='ltr'>autem</span> <span class='ocrx_word' id='word_1_291' title='bbox 956 3403 1008 3466; x_wconf 89' lang='lat' dir='ltr'>est</span> <span class='ocrx_word' id='word_1_292' title='bbox 1021 3401 1190 3466; x_wconf 86' lang='lat' dir='ltr'>consensio</span> <span class='ocrx_word' id='word_1_293' title='bbox 1205 3401 1240 3466; x_wconf 88' lang='lat' dir='ltr'>in</span> <span class='ocrx_word' id='word_1_294' title='bbox 1255 3399 1356 3468; x_wconf 83' lang='lat' dir='ltr'>mente,</span> 
     </span>
     <span class='ocr_line' id='line_1_31' title="bbox 156 3495 1356 3588; baseline -0.006 -20"><span class='ocrx_word' id='word_1_295' title='bbox 156 3503 237 3582; x_wconf 75' lang='lat' dir='ltr'>vita,</span> <span class='ocrx_word' id='word_1_296' title='bbox 253 3503 407 3581; x_wconf 89' lang='lat' dir='ltr'>moribus,</span> <span class='ocrx_word' id='word_1_297' title='bbox 424 3504 502 3580; x_wconf 87' lang='lat' dir='ltr'>sive,</span> <span class='ocrx_word' id='word_1_298' title='bbox 516 3507 555 3567; x_wconf 88' lang='lat' dir='ltr'>ut</span> <span class='ocrx_word' id='word_1_299' title='bbox 569 3502 659 3568; x_wconf 89' lang='lat' dir='ltr'>brevi</span> <span class='ocrx_word' id='word_1_300' title='bbox 673 3503 787 3581; x_wconf 87' lang='lat' dir='ltr'>dicam,</span> <span class='ocrx_word' id='word_1_301' title='bbox 804 3503 891 3568; x_wconf 87' lang='lat' dir='ltr'>vitae</span> <span class='ocrx_word' id='word_1_302' title='bbox 907 3501 1097 3569; x_wconf 90' lang='lat' dir='ltr'>communio.</span> <span class='ocrx_word' id='word_1_303' title='bbox 1139 3501 1187 3566; x_wconf 86' lang='lat' dir='ltr'>Et</span> <span class='ocrx_word' id='word_1_304' title='bbox 1205 3503 1284 3568; x_wconf 85' lang='lat' dir='ltr'>baec</span> <span class='ocrx_word' id='word_1_305' title='bbox 1298 3495 1356 3588; x_wconf 91' lang='lat' dir='ltr'>qui·</span> 
     </span>
     <span class='ocr_line' id='line_1_32' title="bbox 159 3599 1356 3693; baseline -0.007 -22"><span class='ocrx_word' id='word_1_306' title='bbox 159 3606 247 3683; x_wconf 89' lang='lat' dir='ltr'>dem,</span> <span class='ocrx_word' id='word_1_307' title='bbox 277 3606 420 3672; x_wconf 88' lang='lat' dir='ltr'>amicitia</span> <span class='ocrx_word' id='word_1_308' title='bbox 434 3608 660 3693; x_wconf 89' lang='lat' dir='ltr'>perseverante</span> <span class='ocrx_word' id='word_1_309' title='bbox 675 3627 713 3670; x_wconf 88' lang='lat' dir='ltr'>ac</span> <span class='ocrx_word' id='word_1_310' title='bbox 727 3607 839 3674; x_wconf 85' lang='lat' dir='ltr'>tenera</span> <span class='ocrx_word' id='word_1_311' title='bbox 853 3605 996 3692; x_wconf 89' lang='lat' dir='ltr'>pietate,</span> <span class='ocrx_word' id='word_1_312' title='bbox 1019 3627 1057 3689; x_wconf 80' lang='lat' dir='ltr'>ec</span> <span class='ocrx_word' id='word_1_313' title='bbox 1069 3605 1303 3691; x_wconf 85' lang='lat' dir='ltr'>proficiscitur,</span> <span class='ocrx_word' id='word_1_314' title='bbox 1326 3599 1356 3663; x_wconf 88' lang='lat' dir='ltr'>ut</span> 
     </span>
     <span class='ocr_line' id='line_1_33' title="bbox 158 3693 1355 3800; baseline -0.008 -24"><span class='ocrx_word' id='word_1_315' title='bbox 158 3734 242 3776; x_wconf 91' lang='lat' dir='ltr'>unus</span> <span class='ocrx_word' id='word_1_316' title='bbox 257 3709 291 3775; x_wconf 90' lang='lat' dir='ltr'>in</span> <span class='ocrx_word' id='word_1_317' title='bbox 306 3711 409 3800; x_wconf 73' lang='lat' dir='ltr'>altero</span> <span class='ocrx_word' id='word_1_318' title='bbox 424 3693 561 3772; x_wconf 91' lang='lat' dir='ltr'>alterum</span> <span class='ocrx_word' id='word_1_319' title='bbox 581 3705 700 3772; x_wconf 87' lang='lat' dir='ltr'>habeat</span> <span class='ocrx_word' id='word_1_320' title='bbox 720 3712 839 3793; x_wconf 80' lang='lat' dir='ltr'>„ego.‘&#39;‘</span> <span class='ocrx_word' id='word_1_321' title='bbox 882 3705 1100 3797; x_wconf 81' lang='lat' dir='ltr'>Quamobrem</span> <span class='ocrx_word' id='word_1_322' title='bbox 1120 3706 1238 3774; x_wconf 86' lang='lat' dir='ltr'>fratres</span> <span class='ocrx_word' id='word_1_323' title='bbox 1259 3700 1355 3794; x_wconf 88' lang='lat' dir='ltr'>appel·</span> 
     </span>
     <span class='ocr_line' id='line_1_34' title="bbox 157 3805 1356 3900; baseline -0.013 -20"><span class='ocrx_word' id='word_1_324' title='bbox 157 3812 262 3880; x_wconf 87' lang='lat' dir='ltr'>lamus</span> <span class='ocrx_word' id='word_1_325' title='bbox 279 3835 351 3890; x_wconf 90' lang='lat' dir='ltr'>eos,</span> <span class='ocrx_word' id='word_1_326' title='bbox 372 3810 427 3900; x_wconf 89' lang='lat' dir='ltr'>qui</span> <span class='ocrx_word' id='word_1_327' title='bbox 448 3809 559 3876; x_wconf 88' lang='lat' dir='ltr'>eodem</span> <span class='ocrx_word' id='word_1_328' title='bbox 580 3807 677 3875; x_wconf 91' lang='lat' dir='ltr'>verbo</span> <span class='ocrx_word' id='word_1_329' title='bbox 700 3813 777 3876; x_wconf 86' lang='lat' dir='ltr'>sunt</span> <span class='ocrx_word' id='word_1_330' title='bbox 796 3810 986 3897; x_wconf 85' lang='lat' dir='ltr'>regenerati.</span> <span class='ocrx_word' id='word_1_331' title='bbox 1031 3807 1172 3874; x_wconf 85' lang='lat' dir='ltr'>Caritati</span> <span class='ocrx_word' id='word_1_332' title='bbox 1193 3832 1268 3877; x_wconf 89' lang='lat' dir='ltr'>vero</span> <span class='ocrx_word' id='word_1_333' title='bbox 1288 3805 1356 3872; x_wconf 87' lang='lat' dir='ltr'>aliae</span> 
     </span>
     <span class='ocr_line' id='line_1_35' title="bbox 157 3909 1354 4000; baseline -0.01 -20"><span class='ocrx_word' id='word_1_334' title='bbox 157 3937 271 3980; x_wconf 90' lang='lat' dir='ltr'>rursus</span> <span class='ocrx_word' id='word_1_335' title='bbox 286 3915 425 3979; x_wconf 89' lang='lat' dir='ltr'>virtutes</span> <span class='ocrx_word' id='word_1_336' title='bbox 441 3911 563 3977; x_wconf 87' lang='lat' dir='ltr'>multae</span> <span class='ocrx_word' id='word_1_337' title='bbox 579 3909 807 3981; x_wconf 87' lang='lat' dir='ltr'>subiiciuntur:</span> <span class='ocrx_word' id='word_1_338' title='bbox 828 3911 1046 4000; x_wconf 87' lang='lat' dir='ltr'>hospitalitas,</span> <span class='ocrx_word' id='word_1_339' title='bbox 1062 3911 1257 3988; x_wconf 87' lang='lat' dir='ltr'>humanitas,</span> <span class='ocrx_word' id='word_1_340' title='bbox 1272 3909 1354 3974; x_wconf 89' lang='lat' dir='ltr'>bene-</span> 
     </span>
     <span class='ocr_line' id='line_1_36' title="bbox 158 4013 1355 4105; baseline -0.007 -23"><span class='ocrx_word' id='word_1_341' title='bbox 158 4017 310 4094; x_wconf 86' lang='lat' dir='ltr'>volentia,</span> <span class='ocrx_word' id='word_1_342' title='bbox 331 4019 369 4082; x_wconf 91' lang='lat' dir='ltr'>ut</span> <span class='ocrx_word' id='word_1_343' title='bbox 384 4037 442 4102; x_wconf 91' lang='lat' dir='ltr'>per</span> <span class='ocrx_word' id='word_1_344' title='bbox 461 4013 718 4090; x_wconf 86' lang='lat' dir='ltr'>consensionem,</span> <span class='ocrx_word' id='word_1_345' title='bbox 740 4038 822 4105; x_wconf 89' lang='lat' dir='ltr'>quae</span> <span class='ocrx_word' id='word_1_346' title='bbox 842 4015 959 4082; x_wconf 91' lang='lat' dir='ltr'>nititur</span> <span class='ocrx_word' id='word_1_347' title='bbox 978 4015 1195 4082; x_wconf 89' lang='lat' dir='ltr'>communium</span> <span class='ocrx_word' id='word_1_348' title='bbox 1215 4015 1355 4080; x_wconf 87' lang='lat' dir='ltr'>bonorum</span> 
     </span>
    </p>
   </div>
   <div class='ocr_carea' id='block_1_3' title="bbox 67 4115 1355 4208">
    <p class='ocr_par' dir='ltr' id='par_1_7' title="bbox 67 4115 1355 4208">
     <span class='ocr_line' id='line_1_37' title="bbox 67 4115 1355 4208; baseline -0.001 -25"><span class='ocrx_word' id='word_1_349' title='bbox 67 4123 81 4138; x_wconf 86' lang='lat'>&#39;‘</span> <span class='ocrx_word' id='word_1_350' title='bbox 160 4119 305 4196; x_wconf 84' lang='lat' dir='ltr'>scientia,</span> <span class='ocrx_word' id='word_1_351' title='bbox 321 4118 380 4184; x_wconf 88' lang='lat' dir='ltr'>fiat</span> <span class='ocrx_word' id='word_1_352' title='bbox 394 4115 559 4184; x_wconf 89' lang='lat' dir='ltr'>bominum</span> <span class='ocrx_word' id='word_1_353' title='bbox 573 4117 721 4204; x_wconf 77' lang='grc' dir='ltr'>ταυτότης</span> <span class='ocrx_word' id='word_1_354' title='bbox 737 4119 904 4208; x_wconf 89' lang='lat' dir='ltr'>quaedam.</span> <span class='ocrx_word' id='word_1_355' title='bbox 929 4117 1124 4186; x_wconf 86' lang='lat' dir='ltr'>Obedieutia</span> <span class='ocrx_word' id='word_1_356' title='bbox 1138 4122 1258 4194; x_wconf 83' lang='lat' dir='ltr'>autem,</span> <span class='ocrx_word' id='word_1_357' title='bbox 1273 4129 1355 4204; x_wconf 77' lang='lat' dir='ltr'>quam</span> 
     </span>
    </p>
   </div>
   <div class='ocr_carea' id='block_1_4' title="bbox 159 4377 1398 4633">
    <p class='ocr_par' dir='ltr' id='par_1_8' title="bbox 159 4377 1398 4633">
     <span class='ocr_line' id='line_1_38' title="bbox 215 4377 1355 4458; baseline 0 -16"><span class='ocrx_word' id='word_1_358' title='bbox 215 4388 239 4458; x_wconf 87' lang='lat'>¹)</span> <span class='ocrx_word' id='word_1_359' title='bbox 257 4391 334 4442; x_wconf 83' lang='lat' dir='ltr'>Haud</span> <span class='ocrx_word' id='word_1_360' title='bbox 346 4393 421 4444; x_wconf 85' lang='lat' dir='ltr'>dubie</span> <span class='ocrx_word' id='word_1_361' title='bbox 433 4393 476 4442; x_wconf 88' lang='lat' dir='ltr'>bic</span> <span class='ocrx_word' id='word_1_362' title='bbox 487 4393 535 4444; x_wconf 80' lang='lat' dir='ltr'>loci</span> <span class='ocrx_word' id='word_1_363' title='bbox 547 4407 640 4454; x_wconf 86' lang='lat' dir='ltr'>sensus,</span> <span class='ocrx_word' id='word_1_364' title='bbox 653 4405 728 4458; x_wconf 89' lang='lat' dir='ltr'>quem</span> <span class='ocrx_word' id='word_1_365' title='bbox 740 4377 885 4456; x_wconf 70' lang='lat' dir='ltr'>coiruptum</span> <span class='ocrx_word' id='word_1_366' title='bbox 897 4409 950 4446; x_wconf 81' lang='lat' dir='ltr'>essa</span> <span class='ocrx_word' id='word_1_367' title='bbox 961 4395 988 4444; x_wconf 92' lang='lat' dir='ltr'>in&#39;</span> <span class='ocrx_word' id='word_1_368' title='bbox 999 4399 1117 4458; x_wconf 83' lang='lat' dir='ltr'>promptu</span> <span class='ocrx_word' id='word_1_369' title='bbox 1128 4393 1242 4446; x_wconf 87' lang='lat' dir='ltr'>babebis.</span> <span class='ocrx_word' id='word_1_370' title='bbox 1266 4387 1355 4452; x_wconf 70' lang='lat' dir='ltr'>Optimt</span> 
     </span>
     <span class='ocr_line' id='line_1_39' title="bbox 160 4470 1398 4549; baseline -0.001 -19"><span class='ocrx_word' id='word_1_371' title='bbox 160 4485 245 4530; x_wconf 86' lang='lat' dir='ltr'>autem</span> <span class='ocrx_word' id='word_1_372' title='bbox 258 4481 402 4530; x_wconf 86' lang='lat' dir='ltr'>coniectura</span> <span class='ocrx_word' id='word_1_373' title='bbox 419 4480 515 4530; x_wconf 86' lang='lat' dir='ltr'>Potteri</span> <span class='ocrx_word' id='word_1_374' title='bbox 533 4485 578 4542; x_wconf 87' lang='lat' dir='ltr'>est,</span> <span class='ocrx_word' id='word_1_375' title='bbox 594 4494 645 4543; x_wconf 86' lang='lat' dir='ltr'>qua</span> <span class='ocrx_word' id='word_1_376' title='bbox 658 4492 703 4540; x_wconf 84' lang='lat' dir='ltr'>pro</span> <span class='ocrx_word' id='word_1_377' title='bbox 716 4470 803 4545; x_wconf 78' lang='grc' dir='ltr'><strong><em>ἀρχὴν</em></strong></span> <span class='ocrx_word' id='word_1_378' title='bbox 817 4479 944 4530; x_wconf 84' lang='lat' dir='ltr'>scribatur</span> <span class='ocrx_word' id='word_1_379' title='bbox 959 4473 1055 4549; x_wconf 66' lang='grc' dir='ltr'>ἀργὴν,</span> <span class='ocrx_word' id='word_1_380' title='bbox 1069 4481 1268 4544; x_wconf 73' lang='lat' dir='ltr'>inexpertem.</span> <span class='ocrx_word' id='word_1_381' title='bbox 1299 4471 1356 4524; x_wconf 67' lang='lat' dir='ltr'>Nm</span> <span class='ocrx_word' id='word_1_382' title='bbox 1391 4493 1398 4508; x_wconf 93' lang='grc'>·</span> 
     </span>
     <span class='ocr_line' id='line_1_40' title="bbox 159 4562 1184 4633; baseline 0.001 -14"><span class='ocrx_word' id='word_1_383' title='bbox 159 4565 274 4619; x_wconf 81' lang='lat' dir='ltr'>Clemens</span> <span class='ocrx_word' id='word_1_384' title='bbox 286 4568 337 4618; x_wconf 86' lang='lat' dir='ltr'>suis</span> <span class='ocrx_word' id='word_1_385' title='bbox 349 4566 431 4616; x_wconf 78' lang='lat' dir='ltr'>serbis</span> <span class='ocrx_word' id='word_1_386' title='bbox 443 4565 589 4629; x_wconf 81' lang='lat' dir='ltr'>Scripturas</span> <span class='ocrx_word' id='word_1_387' title='bbox 600 4563 684 4615; x_wconf 89' lang='lat' dir='ltr'>locum</span> <span class='ocrx_word' id='word_1_388' title='bbox 695 4566 770 4616; x_wconf 87' lang='lat' dir='ltr'>modo</span> <span class='ocrx_word' id='word_1_389' title='bbox 783 4564 888 4618; x_wconf 63' lang='lat' dir='ltr'>etatum</span> <span class='ocrx_word' id='word_1_390' title='bbox 897 4562 986 4631; x_wconf 85' lang='lat' dir='ltr'>(Prcr.</span> <span class='ocrx_word' id='word_1_391' title='bbox 999 4563 1018 4618; x_wconf 95' lang='lat' dir='ltr'>l.</span> <span class='ocrx_word' id='word_1_392' title='bbox 1029 4565 1075 4633; x_wconf 79' lang='lat'>33)</span> <span class='ocrx_word' id='word_1_393' title='bbox 1085 4567 1184 4629; x_wconf 63' lang='lat' dir='ltr'>repetit,</span> 
     </span>
    </p>
   </div>
   <div class='ocr_carea' id='block_1_5' title="bbox 211 4647 437 4717">
    <p class='ocr_par' dir='ltr' id='par_1_9' title="bbox 211 4647 437 4717">
     <span class='ocr_line' id='line_1_41' title="bbox 211 4647 437 4717; baseline -0.022 -10"><span class='ocrx_word' id='word_1_394' title='bbox 211 4647 238 4717; x_wconf 80' lang='lat'>¹)</span> <span class='ocrx_word' id='word_1_395' title='bbox 254 4665 279 4715; x_wconf 82' lang='lat' dir='ltr'>p.</span> <span class='ocrx_word' id='word_1_396' title='bbox 290 4649 437 4707; x_wconf 73' lang='lat' dir='ltr'>esc-450.</span> 
     </span>
    </p>
   </div>
   <div class='ocr_carea' id='block_1_6' title="bbox 0 0 1420 5052">
    <p class='ocr_par' dir='ltr' id='par_1_10' title="bbox 0 0 1420 5052">
     <span class='ocr_line' id='line_1_42' title="bbox 0 0 1420 5052; baseline 0 0"><span class='ocrx_word' id='word_1_397' title='bbox 0 0 1420 5052; x_wconf 95' lang='lat' dir='ltr'> </span> 
     </span>
    </p>
   </div>
  </div>
 </body>
</html>
