2820 5052
605 391 668 456 257

46 577 142 644 voluit
165 573 235 644 Cur
248 556 350 662 igitur
365 593 399 641 se
414 595 434 640 a
448 575 527 656 vita,
543 599 639 669 quam
650 577 801 667 petierat,
817 577 882 642 iam
893 574 1068 642 subduxit?
1092 573 1245 656 Vende,
1377 647 1378 652 χ

45 681 83 746 ait
96 679 264 755 Dominus,
281 669 525 764 quae'habes.
565 677 632 746 Nee
647 703 723 746 vero
738 679 798 746 hoc
813 679 926 745 statim
940 677 1115 746 facultates
1130 679 1246 768 proiici

44 781 123 848 iubet
136 785 170 849 et
184 777 336 870 pecunias
352 801 372 844 a
395 801 430 849 se
445 781 585 848 amoveri
592 806 607 859 ;.
624 781 798 860 libidinem,
814 780 970 848 avaritiae
990 779 1106 860 labem,
1128 781 1246 848 sollici·
1378 838 1380 872 j

45 885 160 952 tudines
176 885 305 959 tantum
320 881 416 949 vendi
437 881 518 949 vult.
563 881 601 950 si
620 884 668 950 ita
687 883 823 961 iuberet,
844 883 982 962 mendici
1002 906 1060 972 per
1078 884 1149 950 vias
1170 906 1247 971 pro·
1378 909 1380 922 ·

44 985 116 1063 iacti,
131 986 226 1052 deum
240 980 428 1072 ignorantes
444 985 577 1072 eiusque
594 983 764 1080 iustitiam,
780 985 964 1076 ¹beatissimi
983 989 1095 1052 essent
1113 1005 1152 1050 ac
1170 985 1247 1074 reli-

44 1189 190 1256 abdicatio
206 1194 305 1278 atque
316 1189 447 1276 largitio
461 1211 580 1256 novum
596 1191 674 1277 quid
688 1193 792 1281 essetf,
814 1213 878 1277 qua
893 1190 1002 1277 potius
1018 1195 1094 1258 ante
1114 1191 1249 1257 Domini

45 1290 216 1372 adventum,
232 1295 271 1359 ut
285 1293 373 1359 inani
383 1293 557 1362 iactatione
569 1293 707 1362 nominis
721 1294 901 1362 claritatem
913 1296 947 1359 et
958 1291 1112 1380 gloriolae
1126 1316 1247 1372 curam,

45 1391 212 1460 litterarum
229 1394 347 1462 studiis
363 1399 572 1484 mortuasque
586 1396 764 1488 sapientiae
785 1398 949 1474 vacantes,
971 1397 1143 1484 captarent
1155 1396 1248 1463 Ana·
1265 1381 1268 1390 “

44 1517 178 1584 sagonae,
194 1497 387 1576 Democriti,
404 1495 566 1566 Cratetes.

95 1597 219 1668 Novum
236 1599 364 1690 quidem
379 1599 459 1666 illud
474 1599 577 1666 maius
594 1603 655 1679 est,
671 1599 824 1679 divinius,
839 1599 1026 1688 perfectius,
1042 1602 1081 1666 ut
1094 1599 1246 1666 nimirum

49 1701 173 1768 animum
190 1703 459 1794 affectionemque
475 1701 563 1772 vitiis
578 1703 738 1770 nudemus
754 1705 853 1794 atque
868 1702 971 1768 aliena
985 1701 1141 1781 radicitus
1157 1725 1197 1768 ex
1211 1721 1249 1768 eo

46 1803 239 1875 excindamus
259 1809 293 1872 et
320 1805 497 1878 eliciamus.
540 1806 680 1898 Antiqui
705 1806 801 1886 enim,
824 1805 996 1874 contemtis
1023 1803 1250 1884 exterioribus,

47 1907 252 1989 possessiones
283 1909 477 1986 amiserunt3
524 1909 605 1974 vitia
634 1908 733 1976 animi
762 1930 800 1976 ac
829 1907 1107 1996 perturbationes,
1143 1907 1249 1984 credo,

47 2014 196 2086 auxerant,
213 2010 280 2100 qui,
296 2011 390 2102 quasi
414 2033 513 2099 supra
532 2010 693 2078 hominem
716 2034 786 2078 sese
808 2011 1000 2098 gessissent,
1023 2008 1154 2097 superbi
1174 2031 1250 2075 eva-

50 2115 146 2178 serunt
160 2117 261 2204 atque
282 2111 368 2180 elati.
411 2113 575 2201 Deposito
595 2114 788 2182 facultatum
810 2135 906 2180 onere
925 2113 1013 2180 haud
1034 2111 1130 2179 simul
1150 2135 1251 2200 pecu-

48 2209 156 2281 riarum
182 2214 347 2304 cupiditas
374 2238 412 2282 uo
438 2215 511 2282 sitis
538 2216 642 2284 eiecta
660 2239 735 2288 ‚esse
759 2215 897 2283 videtur.
941 2215 1030 2282 Fieri
1052 2210 1253 2280 autemnon
1356 2229 1359 2235 “

48 2317 150 2397 potest,
171 2320 210 2383 nt
231 2317 283 2382 cui
303 2317 413 2384 desint
436 2320 619 2406 necessaria
644 2320 687 2385 ad
712 2317 814 2390 vitam
842 2318 1101 2394 sustentandam,
1129 2317 1158 2382 is
1184 2337 1251 2382 non

49 2415 137 2486 animo
153 2419 326 2506 frangatur
340 2424 375 2487 et
391 2445 410 2488 a
430 2420 617 2490 melioribus
639 2421 854 2491 sollieitudine
874 2419 1066 2486 abducatur.
1102 2417 1252 2501 Quacum

50 2518 250 2590 sollicitudine
276 2522 418 2590 sociatur
444 2524 643 2614 poenitentia
675 2515 715 2603 ei,
742 2525 797 2615 qui
821 2528 943 2590 temere
966 2522 1097 2589 divitias
1124 2521 1252 2588 abiecit.

50 2609 231 2712 Quae'porro
242 2625 328 2691 inter
343 2624 486 2694 homines
502 2628 625 2717 reliqua
636 2630 726 2696 esset
737 2623 994 2702 communicatio,
1012 2625 1145 2691 sinemo
1157 2625 1252 2715 quid·

50 2740 129 2806 quam
147 2725 304 2794 haberet?
325 2727 500 2794 Attamen:
524 2730 664 2798 Facite
686 2727 889 2819 vobis‚·ait
910 2727 1085 2804 Dominus,
1105 2725 1251 2792 amicos

50 2819 83 2887 <le
102 2849 315 2896 mammona
336 2829 585 2920 iniquitatis.
630 2831 697 2913 Qut
717 2830 792 2920 quis
813 2830 1009 2896 esurientem
1029 2829 1112 2907 alat,
1137 2833 1252 2916 potum
1375 2854 1380 2863 ·

51 2927 185 3008 praebeat
201 2931 338 3010 sitienti,
363 2933 485 3000 nudum
506 2932 610 3019 tegat,
632 2933 837 3021 peregrinum
857 2929 1000 3018 excipiat
1019 2929 1090 3018 ipse
1109 2931 1252 3018 egenus?

52 3023 110 3108 Quo
124 3032 191 3101 iure
206 3057 286 3122 ergo
300 3033 462 3130 Dominus
477 3033 538 3111 his,
563 3035 617 3125 qui
632 3035 711 3102 haec
731 3055 796 3100 non
815 3028 962 3112 fecerint,
982 3033 1091 3119 ignem
1111 3034 1253 3100 minetur

52 3130 77 3193 tt
88 3134 253 3204 tenebras?
275 3135 352 3230 Ipse
368 3157 403 3204 se
417 3135 521 3223 excipi
536 3161 556 3202 a
571 3137 727 3204 divitibus
747 3135 839 3202 iubet
860 3139 894 3201 et
911 3137 1025 3202 laudat
1043 3137 1252 3224 pecuniarum

52 3248 129 3301 usum
142 3234 277 3308 iustum.
315 3237 427 3330 Neque
443 3259 520 3326 ergo
535 3237 732 3306 abiiciendaa
747 3241 843 3320 erunt
858 3259 946 3326 opes,
964 3261 1046 3330 quae
1060 3238 1094 3304 in
1108 3238 1247 3327 proximi
1274 3281 1277 3288 ,

53 3335 150 3406 cedant
174 3342 368 3420 utilitatem
397 3343 619 3430 possessiones
646 3366 666 3408 a
691 3341 887 3432 possidendo
913 3341 1133 3430 appellantur3
1162 3365 1251 3432 opes,

54 3437 113 3522 quia
126 3439 219 3532 opem
233 3444 352 3512 ferunt.
397 3443 543 3511 Divitiae
560 3447 639 3514 sunt
653 3444 880 3512 instrumentis
897 3444 1029 3524 similes,
1046 3469 1181 3536 quorum
1197 3445 1253 3537 qui

53 3555 131 3612 llum
152 3547 305 3636 ignorant
321 3545 402 3612 artis
422 3545 564 3634 imperiti
584 3549 724 3614 fortasse
740 3547 787 3614 eis
808 3549 938 3613 utentes
962 3547 1023 3614 sibi
1048 3552 1175 3624 nocent,
1201 3548 1253 3613 in·

55 3641 227 3718 strumentis
247 3673 365 3717 noxam
387 3647 518 3716 minime
538 3649 740 3717 nocentibus.
784 3649 885 3716 Potes
910 3650 961 3715 uti
981 3649 1104 3716 divitiis
1124 3649 1252 3742 iustitia

54 3749 171 3817 comite?
194 3753 251 3819 Ad
277 3751 438 3820 iustitiam
463 3751 630 3818 ministrae
660 3755 747 3818 sunt.
790 3751 908 3820 Utitur
932 3753 1005 3838 quis
1035 3751 1100 3816 illis
1125 3773 1164 3818 ea
1186 3773 1271 3818 non·

30 3890 34 3901 .
55 3849 170 3919 comite:
192 3855 360 3922 ministrae
374 3877 489 3920 rursus
503 3854 588 3920 fiunt
601 3854 792 3920 iniustitiae.
824 3853 938 3920 Huius
950 3857 1059 3919 autem
1074 3877 1172 3920 causa
1186 3877 1252 3922 non

55 3942 179 4035 divitiae,
196 3957 253 4024 sed
266 3957 404 4024 liberum
420 3953 601 4022 arbitrium.
625 3955 821 4029 Valentibus
838 3955 936 4022 animi
951 3956 1051 4034 vitiis,
1067 3955 1147 4021 nihil
1160 3955 1254 4024 iuvat

55 4041 221 4124 divitiarum
237 4057 392 4136 abieoti0;
415 4057 479 4123 illis
495 4060 603 4124 autem
621 4058 775 4126 sublatis:
797 4057 857 4124 hae
872 4058 970 4126 etiam
985 4059 1082 4125 utiles
1099 4057 1251 4125 evadunt.

56 4141 123 4217 llam
144 4157 170 4224 si
189 4158 372 4248 prudentia,
394 4159 569 4228 sobrietate
590 4162 777 4250 pietateque
796 4161 1036 4249 dispensantur,
1056 4159 1251 4227 conducunt.

56 4241 151 4340 Neque
172 4261 273 4350 igi-tur
287 4263 475 4350 deponenda
490 4265 567 4330 sunt
582 4285 630 4341 ea,
647 4261 764 4349 quibus
779 4263 848 4330 vita
863 4267 1078 4342 sustentatur,
1099 4265 1155 4331 sed
1170 4286 1253 4350 quae
1307 4311 1314 4321 ·

31 4369 44 4461 ζ.
56 4341 108 4420 illi,
127 4363 206 4430 male
220 4365 270 4432 uti
284 4367 422 4454 possint,
439 4365 537 4432 animi
551 4367 632 4434 vitia
646 4370 681 4431 et
695 4365 924 4452 aegritudines.
945 4365 978 4432 A
990 4365 1107 4452 quibus
1121 4367 1252 4446 nudam,

32 4453 179 4569 plnlmam
205 4491 378 4558 pauperem
404 4473 500 4536 vocat
524 4469 693 4537 Servatur:
721 4466 839 4546 Veni,
868 4490 1032 4555 sequere
1056 4491 1120 4547 me.
1163 4468 1253 4540 Huic

58 4567 128 4626 erun
140 4565 191 4634 via
204 4570 261 4640 fiet
274 4570 345 4663 ipse
359 4571 521 4640 Dominus
529 4594 538 4650 ;
561 4572 596 4638 iu
610 4571 750 4641 animam
764 4571 875 4636 autem
890 4569 1051 4659 impuram
1071 4569 1123 4636 dei
1142 4571 1252 4656 gratia

59 4667 112 4726 n011
128 4669 221 4740 venit.
263 4673 397 4763 Impera
415 4697 492 4744 vero
513 4676 576 4760 cst,
601 4696 684 4762 quae
703 4673 793 4744 dives
815 4676 868 4744 est
887 4671 1056 4836 desiderpip
1075 4672 1252 4762 multisque

36 4969 54 5023 t
