2820 5052
777 277 779 282 .
804 249 814 282 ι

756 339 818 406 188

154 515 269 592 'verae
283 501 507 613 philosophiae
531 525 740 612 agnitionem.
783 524 877 592 Haec
899 525 1010 592 antem
1032 521 1215 590 sanctificat
1232 519 1363 598 animam

175 628 232 694 sed
247 649 364 715 corpus
380 649 517 714 qnoque,
532 628 567 693 in
581 649 645 714 quo
660 627 798 706 habitat,
814 627 901 713 qnod
921 627 1089 694 dedicatur
1102 624 1137 692 ιιι
1152 625 1255 692 sancti
1272 622 1365 710 templi

174 730 367 796 munditiam
382 732 417 796 et
432 729 661 796 sinceritatem.
704 730 816 796 Prima
830 734 939 808 autern
953 728 1076 818 primae
1096 728 1223 794 animae
1237 724 1365 815 purgatio

174 834 226 898 est
241 832 441 898 abstinentia
455 855 475 898 a
490 833 583 898 malis
591 857 600 910 ;
623 833 702 900 haee
717 836 770 899 est
783 857 860 900 vero
873 831 1029 922 perfectio
1043 830 1221 898 communis
1235 829 1328 896 fidelis
1341 829 1367 892 et

175 1059 308 1124 operum
333 1037 549 1114 effectionem,
581 1061 646 1124 qua
670 1038 802 1104 tandem
834 1038 875 1102 ad
900 1035 1135 1102 immutabilem
1166 1033 1247 1100 bene
1270 1029 1366 1118 agendi

173 1138 321 1204 habitum
335 1139 494 1226 pervenit,
509 1141 550 1204 ad
565 1141 615 1206 dei
632 1140 883 1207 similitudinem.
906 1137 940 1204 A
954 1137 1039 1206 Filio
1052 1137 1156 1223 igitur
1170 1135 1223 1202 dei
1237 1132 1367 1202 ffiscendn

175 1241 415 1330 sapientiailla,
441 1247 597 1328 quaeest
618 1243 807 1309 seientiaet
832 1239 1074 1330 comprehensio
1098 1259 1221 1316 eorum,
1247 1257 1323 1326 quae
1344 1236 1367 1297 et

176 1346 255 1410 sunt
269 1346 304 1408 et
313 1343 425 1410 futura.
440 1349 518 1412 sunt
539 1345 787 1434 etpraeterita,
809 1341 936 1410 stabilis
956 1363 996 1408 ea
1015 1364 1054 1410 ac
1073 1341 1176 1418 firma,
1198 1337 1315 1408 aFilio
1331 1334 1368 1400 dei
1394 1334 1395 1342 ’

175 1445 299 1512 tradita
324 1449 359 1510 et
383 1447 536 1514 revelat.
584 1447 773 1535 Philosophi
798 1467 876 1534 ergo
901 1445 1031 1512 discant
1052 1442 1094 1508 ab
1119 1441 1189 1510 hoe.
1237 1437 1367 1558 Cognito

175 1551 233 1616 aut
234 1571 284 1614 em
299 1548 372 1636 ipsa
386 1554 498 1638 (quam
513 1571 665 1618 vocamus
680 1550 904 1632 obieetivam)
900 1550 962 1624 eet,
979 1568 1062 1635 quae
1076 1567 1134 1633 per
1154 1543 1367 1612 successionem

175 1651 216 1716 ad
232 1671 353 1738 paucos
374 1673 415 1716 ex
435 1652 606 1739 Apostolis
633 1654 702 1720 sine
730 1651 860 1740 scriptis
885 1650 1033 1739 pervenit
1056 1648 1191 1716 tradita.
1237 1628 1396 1732 Cognitiol

176 1753 245 1818 sive
266 1753 435 1841 sapientia
444 1758 633 1820 exerceatur
652 1757 798 1843 oportet,
824 1755 925 1820 donec
944 1751 1112 1841 perveniat
1131 1751 1174 1816 ad
1193 1745 1368 1835 contempla-

174 1855 274 1922 tionis
289 1855 436 1922 habitum
451 1857 678 1935 aeternum,1n
693 1879 788 1946 quem
802 1877 867 1922 non
880 1855 968 1920 cadit
981 1853 1173 1936 mutati01).

240 1957 372 2024 Etenim
393 1956 516 2024 Paulus
537 1981 663 2050 quoque
682 1960 717 2024 in
745 1958 892 2049 epistolis
917 1977 983 2024 non
1003 1956 1136 2022 uidetur
1160 1948 1369 2042 reprehendere

175 2058 425 2148 philosophiam3
450 2061 507 2126 sed
522 2084 607 2141 eum,
622 2085 678 2152 qur
668 2061 735 2128 ad
750 2055 935 2160 gnosticum
960 2057 1130 2144 fastigium
1149 2054 1306 2145 pervenit,
1321 2071 1369 2118 non

175 2163 247 2230 vult
262 2163 399 2252 amplius
415 2164 456 2230 ad
473 2163 631 2232 Graecam
647 2151 940 2255 philosophiam
954 2181 1128 2238 recurrere,
1144 2158 1368 2246 allegorioeeam

176 2287 295 2332 vocans
310 2265 441 2330 mundi
462 2268 677 2346 elementa,
700 2271 740 2334 ut
756 2289 838 2357 quae
853 2264 1012 2332 elementa
1026 2263 1265 2353 quodammodo
1278 2257 1369 2326 doceo

176 2371 211 2434 et
226 2367 270 2432 sit
284 2367 374 2434 velut
359 2367 566 2458 tidisciplina
578 2370 771 2459 praecedens
783 2369 965 2436 veritatem.
981 2366 1146 2444 ,Similiter
1156 2367 1258 2434 etiam
1269 2365 1369 2449 Legem

177 2469 373 2536 elementa
387 2470 499 2536 initii
514 2472 761 2561 eloquiorum
783 2471 846 2537 dei
866 2471 957 2536 dicit.
1001 2469 1057 2535 Ad
1071 2472 1189 2538 neutro.
1204 2463 1369 2537 autemele·

176 2575 286 2638 menta
310 2573 547 2640 revertendum.
596 2572 723 2656 Quodsi
746 2573 818 2662 quis
841 2571 1130 2659 intelligentia
1149 2572 1313 2640 hominum
1332 2587 1369 2630 ιι·

177 2677 308 2740 ventam
333 2696 406 2740 esse
430 2675 663 2765 philosophiam
689 2675 901 2762 contenderit,
929 2673 1117 2764 Scripturas
1139 2669 1369 2762 intelligentiam

175 2776 280 2864 ipsam
295 2799 315 2840 a
330 2776 389 2842 deo
405 2800 477 2844 esse
491 2779 625 2846 missam
639 2777 891 2868 respondebunt.
932 2775 1080 2844 Servus
1095 2781 1190 2844 tuus
1206 2798 1278 2864 ego
1292 2793 1369 2844 sum,

177 2878 226 2944 ait
239 2879 526 2970 Psalmographus,
548 2881 610 2948 lae
632 2885 675 2948 ut
698 2883 768 2948 sim
782 2879 1031 2967 intelligens.
1055 2880 1270 2946 Testamenta
1283 2878 1370 2970 aulem

177 2981 254 3048 solis
270 2983 390 3048 dantur
405 2985 706 3072 praestantioribus.
751 2983 845 3050 Dicit
867 2984 951 3049 enim
967 2983 1133 3050 Psalmus:
1153 2979 1264 3054 Nulli
1279 2971 1370 3066 genti

178 3084 235 3149 sio
256 3083 574 3153 feeitetiudicia
595 3109 756 3154 suanon
770 3084 1055 3154 manifestavit
1068 3085 1136 3152 eis.
1163 3083 1252 3151 Illud
1266 3085 1370 3148 autem:

176 3185 261 3251 Non
275 3187 332 3252 sic
343 3186 456 3265 feeit,
469 3189 618 3257 fecisse
630 3188 1133 3279 quidemeumsignilicat,atnon
1144 3189 1212 3254 sic.
1235 3185 1371 3265 Hocergo

178 3288 244 3354 Sic
258 3289 401 3376 positum
416 3294 478 3367 est,
493 3294 531 3356 ut
545 3292 603 3358 fiat
618 3293 814 3380 comparatio
829 3315 902 3359 cum
917 3293 1029 3358 nostra
1044 3291 1244 3358 excellentia.
1277 3281 1372 3354 Fecit

177 3384 286 3456 autem
313 3413 503 3481 quoeunque
529 3395 631 3460 modo.
684 3395 904 3462 Benefieentia
930 3395 1015 3460 enim
1041 3393 1094 3460 dei
1119 3395 1263 3470 aeterna,
1287 3403 1372 3475 neque

178 3491 453 3558 circumscribitur
466 3496 565 3562 certis
580 3496 631 3561 vel
646 3496 725 3564 locis
740 3499 792 3564 vel
806 3496 999 3564 hominibus.
1043 3495 1129 3562 Erat
1136 3495 1241 3582 igitur
1255 3493 1373 3560 obseura

178 3593 336 3683 quaedam
355 3594 405 3660 dei
422 3598 564 3684 cognitio
579 3599 677 3664 etiam
684 3601 778 3689 apud
794 3603 919 3688 gentes.
965 3599 1031 3666 Sed
1051 3616 1151 3687 quum
1166 3595 1295 3674 Graeci,
1309 3591 1373 3657 (11100

177 3696 370 3782 Protagora,
386 3698 574 3788 disputandi
595 3702 753 3768 rationem
773 3704 938 3772 inventam
958 3702 1060 3768 iuisee
1079 3701 1200 3778 munt,
1222 3721 1285 3790 qua
1304 3689 1373 3761 οιιιιιί

177 3803 370 3885 argumento
390 3799 477 3866 aliud
494 3808 729 3892 opponeretur,
744 3806 912 3883 dictitent,
935 3804 1058 3895 aliquid
1077 3807 1190 3871 contra
1211 3805 1265 3870 est
1281 3798 1372 3863 dicen·

178 3903 265 3968 dum.
288 3899 481 3968 Parabolam
496 3904 597 3990 igitur
612 3906 756 3987 Domini,
773 3909 845 3998 quis
860 3908 1033 3996 intelliget,
1048 3907 1112 3974 nisi
1127 3905 1257 3996 sapiens
1269 3902 1373 3970 sciens·

178 4026 254 4094 que,
275 4003 330 4092 qui
349 4004 458 4091 diligit
479 4007 655 4075 Dominum
678 4034 771 4078 suum
777 4011 879 4079 rsit
897 4033 1008 4097 ergo,
1030 4009 1079 4075 ait
1098 4007 1250 4078 Clemens
1270 4005 1372 4071 Rene

178 4129 256 4184 nus,
290 4131 356 4194 qur
383 4109 484 4175 talis
524 4115 599 4190 est,
639 4112 795 4180 fidelis.
833 4115 890 4180 sit
926 4111 1142 4190 eiusmodi,
1180 4113 1226 4176 ut
1259 4099 1374 4196 possll

178 4211 378 4297 explicare
422 4215 708 4300 cognitionem,
753 4218 810 4283 sit
846 4215 1014 4304 sapiens
1055 4214 1095 4280 in
1135 4207 1372 4280 sermonibus

178 4310 474 4394 discernendis,
508 4317 599 4384 ιιι
589 4341 629 4384 ιιι
656 4318 781 4386 laetis
808 4317 1076 4394 admirabilis,
1108 4316 1165 4384 sit
1188 4316 1320 4384 castus
1342 4303 1374 4371 ol

176 4507 378 4520 —-

230 4595 258 4690 ι’)
273 4640 299 4693 p.
311 4591 475 4680 roe-ur.¹
