2972 5048
594 323 810 426 Α,

148 510 242 579 Sunt
260 511 370 577 antem
385 509 562 596 unguenta,
578 508 695 600 quibus
710 509 772 576 bac
792 511 902 576 aetate
915 507 1055 576 utuntur
1071 493 1233 589 moderes,
1251 491 1303 578 inss

90 611 311 690 numerabilia,
327 633 368 679 ex
381 612 479 678 rebus
493 611 656 688 animatis,
678 634 718 678 ex
732 611 918 679 inanimatis
940 611 1086 678 coniecta
1092 635 1102 688 3
1124 633 1204 680 usus
1227 633 1304 681 vero

90 716 198 782 uarius
212 709 267 782 est
282 717 318 781 et
332 714 463 780 multus.
506 713 613 782 Decet
626 710 736 778 autem
750 716 854 780 virum
869 737 933 780 non
955 717 1123 800 unguenta
1142 715 1226 782 olere
1237 717 1305 784 aad

93 819 309 894 honestatem
323 803 368 888 'et
387 815 507 912 mulier⁸
529 817 631 906 spiret
650 813 836 894 Christum,
857 815 879 883 i.
900 839 926 885 e.
945 817 1087 904 regalem
1105 819 1302 898 unctionem,

97 922 179 988 ouius
199 921 299 986 odore
316 919 416 985 debet
440 940 512 984 esse
531 917 665 1006 repleta.
710 916 989 1000 Quemadmodum
1014 919 1145 986 delicias
1165 943 1185 987 a
1203 925 1305 1007 gustu
1375 991 1377 1003 ,

32 1015 34 1048 ²
97 1023 298 1099 removimus,
312 1021 360 1087 ita
375 1021 474 1088 etiam
488 1020 688 1108 voluptatem
709 1043 729 1086 a
749 1019 823 1086 visu
843 1021 877 1086 et
896 1022 1040 1088 odoratu·
1053 1021 1232 1111 proiectam
1254 1045 1305 1090 se·
1373 1053 1376 1064 ·
1453 1039 1454 1050 ¹

93 1121 261 1200 eludimus,
275 1143 318 1188 ne
332 1121 610 1211 intemperantiae,
625 1139 728 1212 quam¹
737 1123 932 1213 ingerimus,
947 1147 1005 1212 per
1017 1135 1132 1190 sensns
1149 1125 1306 1214 tanquam

91 1249 144 1316 per
156 1228 274 1342 portas
290 1225 359 1341 sine
372 1223 562 1292 custodibus
584 1225 709 1292 aditum
724 1225 955 1315 patefaciamus
969 1226 1004 1292 in
1018 1226 1170 1294 animum.
1218 1227 1305 1294 Suae·

92 1430 253 1518 unguenti
268 1451 348 1494 usus
363 1427 493 1517 quidam
513 1429 615 1509 utilis,
642 1429 700 1495 sed
718 1431 931 1518 temperatus,
953 1433 992 1494 ut
1010 1429 1247 1509 medicamenti,
1267 1435 1323 1498 ut·

89 1531 213 1597 anxilii.
259 1530 334 1598 Hoc
346 1531 426 1598 utile
440 1531 474 1596 in
487 1531 664 1616 ungnentis
679 1529 895 1616 deligendum,
917 1555 981 1598 non
1000 1532 1044 1610 id,
1065 1532 1152 1620 quod
1170 1533 1211 1596 ad
1231 1529 1305 1598 libi·
1326 1525 1331 1530 ’

93 1633 195 1700 dinem
209 1631 357 1720 impellit
401 1631 466 1713 Qui
482 1635 591 1698 autem
606 1631 806 1721 voluptatem
820 1655 861 1698 ex
875 1634 971 1700 odore
983 1634 1146 1723 percipere
1157 1632 1303 1712 student,

92 1736 147 1802 hos
159 1739 200 1801 ut
212 1734 469 1822 intemperantes
483 1733 578 1799 facile
598 1735 692 1824 qnasi
712 1739 873 1801 venantur
892 1757 932 1802 ex
951 1737 1111 1823 unguenti
1132 1737 1305 1816 suavitate,

93 1860 174 1927 quae
187 1839 233 1904 eis
248 1835 390 1913 afflatur,
405 1837 619 1924 temperantia
633 1837 787 1926 praediti.»
828 1837 939 1928 Neque
954 1837 1057 1914 decet,
1073 1839 1135 1920 'pos
1150 1839 1199 1904 uti
1214 1859 1305 1906 coro·
1367 1857 1371 1866 “
1386 1871 1389 1879 ·

97 1941 159 2016 nis,
172 1937 283 2028 utipsi
298 1937 482 2024 gloriemuu
499 1939 556 2004 sed
566 1938 680 2004 florum
692 1939 851 2028 'adspectu
863 1945 961 2031 atque
972 1938 1304 2020 odoredumiruimur‚
1322 1942 1326 1950 '

101 2041 189 2106 deum
201 2039 368 2106 laudemus
384 2042 513 2129 oportet
527 2041 683 2130 opificem.
716 2042 861 2108 'Praeter
874 2043 1064 2130 adspectum
1077 2041 1181 2128 igitur
1191 2043 1306 2109 florum
1360 2035 1372 2044 ⁵

98 2163 169 2210 usus
185 2144 232 2210 sit
244 2141 364 2210 nullus.
401 2140 548 2208 Mulieris
564 2141 648 2212 'enim
664 2135 781 2210 corona
795 2145 854 2222 vir,
866 2144 1109 2210 matrimonium
1124 2143 1195 2220 viri,
1210 2143 1305 2210 liberi
1349 2230 1354 2242 1
1453 2215 1454 2230 q

92 2250 198 2312 nutem
208 2241 418 2312 matrimonii.
459 2243 562 2311 Nobis
576 2269 652 2312 vero
668 2269 786 2313 corona
801 2245 856 2312 ιιι
868 2267 975 2312 rerum
990 2245 1132 2312 omnium
1148 2249 1258 2334 pater,
1271 2249 1306 2312 et

91 2349 260 2415 universae
274 2346 428 2414 ecclesiae
439 2369 556 2413 corona
570 2353 622 2414 est
638 2347 802 2418 Christus.
847 2348 1053 2436 Sedcoronis
1074 2347 1305 2415 abstinendum

90 2455 139 2517 est
154 2447 356 2518 Christianis
376 2451 508 2537 propter
522 2453 686 2518 consolent
687 2453 761 2530 iam,
777 2452 863 2542 quod
878 2452 1009 2518 deormn
1033 2449 1188 2516 falsorum
1204 2451 1303 2516 simu·

32 2565 34 2584 ¹
89 2551 175 2619 laura
189 2573 345 2618 coronam
327 2551 429 2618 solit
414 2555 448 2616 ta
463 2555 549 2616 sunt.
597 2552 832 2622 Coronabimur
848 2557 957 2619 autem
970 2553 1097 2620 coronis
1116 2553 1247 2618 immort
1232 2553 1307 2618 tali-

89 2655 165 2732 bus,
176 2677 291 2774 'quum
312 2654 413 2720 vitam
433 2653 567 2730 honeste
591 2659 797 2756 gesserimus,
813 2658 846 2722 in
861 2655 970 2722 coelis.
1006 2656 1056 2721 At
1069 2677 1146 2722 vero
1159 2657 1194 2721 in
1208 2660 1306 2734 terra,

89 2758 243 2847 quoniam
260 2753 414 2822 Christus
429 2755 530 2844 spinis
544 2763 715 2824 coronatus
729 2743 790 2837 est,
806 2781 847 2824 ne
858 2759 922 2847 ipsi
933 2758 1021 2924 capit
1022 2781 1042 2822 a
1052 2761 1129 2823 nost
1114 2757 1305 2823 trafloribus

87 2858 232 2926 redimiri
247 2857 431 2957 patiamur.
458 2855 551 2939 Quae
566 2861 822 2926 tandemflorum
836 2859 926 2926 utilit
912 2864 964 2927 tas
970 2861 1186 2945 iUnguenta
1201 2879 1241 2924 ex
1256 2857 1304 2924 eis

88 2963 337 3079 componuntur.
382 2955 491 3024 Odore
517 2959 567 3026 uti
587 2983 771 3049 possumus
813 2961 879 3027 Dei
903 2962 988 3028 enim
1012 2959 1216 3096 providentia
1242 2957 1305 3048 piis

88 3065 198 3132 omnia
213 3085 270 3129 ver
271 3063 314 3129 tit
271 3062 563 3129 temolumento¹
568 3070 589 3146 )

152 3165 254 3249 Quod
268 3185 343 3230 vero
358 3162 399 3229 ad
415 3185 562 3230 somnum
576 3163 728 3254 pertinet,
744 3163 856 3231 mollit
832 3168 877 3230 tre
900 3165 1020 3253 spreta,
1043 3161 1213 3230 sobrietati
1234 3163 1306 3228 stu-

89 3269 232 3335 dendum
253 3269 314 3333 est.
356 3264 468 3356 Neque
485 3265 570 3332 enim
588 3287 721 3332 somnus
742 3267 837 3356 plena
863 3253 908 3332 sit
926 3265 1086 3354 corporis,
1099 3263 1227 3342 solutio,
1250 3263 1308 3330 sed

88 3370 240 3438 remissio
251 3365 382 3436 tantum
396 3367 565 3458 quaedam,
581 3391 644 3459 qua
660 3370 863 3456 negotiorum
879 3389 918 3434 ao
930 3367 1076 3434 laborum
1094 3365 1154 3432 fiat
1167 3365 1308 3456 requies.
1352 3353 1356 3366 ’

90 3471 312 3554 Quamobrem
332 3471 380 3537 ita
404 3469 599 3546 dormiamus
621 3475 761 3560 oportet,
781 3474 820 3536 ut
838 3469 930 3536 facile
942 3469 1222 3559 ¹expergiscamur,
1242 3468 1307 3534 imo

90 3599 148 3664 per
161 3573 469 3644 noctem-interdum
485 3595 656 3660 surgamus
666 3561 710 3638 'ad
725 3573 820 3638 deum
830 3572 1038 3649 laudandum,
1054 3593 1118 3660 qua
1132 3593 1167 3636 re
1182 3569 1307 3656 angelis
1382 3622 1384 3628 .

91 3675 411 3756 simileereddimur,
431 3675 494 3765 qui
512 3676 601 3742 nullo
625 3697 767 3765 unquam
795 3697 906 3742 somno
932 3697 952 3740 a
975 3673 1070 3738 laude
1088 3671 1308 3761 prohibentur.

91 3778 192 3848 Nimii
213 3803 256 3848 au
256 3782 324 3846 tem
344 3778 458 3855 somni,
479 3777 658 3867 quinoque
683 3777 808 3865 corpori
829 3799 933 3866 neque
957 3775 1059 3842 menti
1084 3772 1227 3862 prodest,
1253 3771 1309 3836 sed

92 3882 180 3950 vitae
195 3881 365 3948 dimidium
378 3880 483 3968 rapit,
491 3901 611 3948 causae
624 3880 724 3946 sunt
715 3902 750 3944 m
766 3881 863 3966 potua
874 3877 926 3945 vel
940 3875 1004 3942 cibi
1015 3873 1214 3942 abundantia
1223 3879 1266 3954 ²).

158 3983 211 4052 De
224 3983 431 4064 matrimonio
454 3997 549 4071 p'orro
569 3981 604 4048 id
622 3981 797 4049 tenendum
817 3983 879 4059 est,
853 3979 995 4048 thuius
1016 3999 1088 4044 esse
1109 3987 1251 4062 scopum,
1270 3973 1310 4040 ut

94 4087 187 4154 liberi
200 4090 426 4178 procreentur3
448 4088 488 4150 ut
503 4085 611 4150 autem
625 4083 754 4150 honesti
770 4082 877 4161 sint,
868 4063 914 4147 ist
914 4105 969 4146 um
988 4101 1060 4144 esse
1074 4077 1178 4143 finem.
1200 4075 1288 4142 Ει
1263 4096 1310 4142 snc

97 4190 224 4278 quidem
239 4188 361 4256 homini
375 4209 470 4276 curae
485 4189 547 4266 est,
563 4188 602 4309 ut
615 4208 718 4272 genus
734 4185 909 4252 humanum
922 4183 1120 4272 permaneat,
1136 4201 1200 4269 qua
1210 4201 1245 4244 re
1258 4176 1310 4244 dei
1340 4235 1342 4242 ,

98 4343 298 4362 *nn-—

100 4513 121 4567 h
152 4431 178 4501 1)
194 4431 378 4502 anos—210.
412 4367 564 4486 Tertulliani
586 4428 663 4486 libelli
678 4430 709 4497 da
725 4405 818 4488 corona
835 4427 924 4482 militis
939 4425 1117 4492 argumentum
1132 4419 1249 4490 generale
1265 4417 1309 4472 hio

122 4515 186 4572 abas.

104 4602 318 4676 -1a-aro
286 4601 381 4658 -rna
1020 4661 1023 4666 ,
1088 4677 1110 4740 ὃ
1237 4655 1242 4664 .
