2884 5058
679 315 744 384 sos
795 407 809 414 ,

84 505 170 572 inter
179 504 275 594 ipsa,
288 525 376 591 quae
386 501 516 593 speetat
526 499 569 567 ad
583 501 816 582 essentiam,
830 501 881 570 ita
892 499 932 566 ut
945 501 1082 570 alterum
1093 502 1187 595 alteri
1198 510 1318 596 opponi

82 606 194 694 possit
208 608 379 694 tanquam
393 607 556 694 imperans
571 603 750 682 obedienti3
773 601 950 690 quinetiam
964 603 1022 682 ita,
1038 607 1076 672 ut
1089 607 1271 696 „sapientis
1283 614 1318 680 et

81 707 230 796 gnostici
244 710 372 788 anima,
388 709 500 776 velut
523 707 564 774 in
584 727 747 796 corpore
766 706 1042 794 peregrinans,
1071 706 1132 776 hoe
1152 732 1263 780 severe
1282 717 1316 780 et
1367 725 1371 732 '

82 813 218 877 austere
234 814 370 891 utatur,
385 833 451 878 non
464 811 597 886 nimiam
609 811 645 876 in
661 810 769 897 ipsum
783 809 986 876 affectionem
1000 811 1173 878 ostendens
1194 811 1246 880 vel
1264 814 1315 882 in·

80 913 318 1001 dulgentiam:
340 917 380 982 ut
390 936 472 1001 quas
488 913 612 992 statim,
628 911 656 978 si
670 911 830 998 migrandi
845 916 974 999 tempus
988 935 1060 978 eam
1074 914 1247 996 vocaverit,
1261 941 1314 986 re-

79 1013 203 1083 liotura
225 1018 276 1084 sit
298 1015 560 1084 tabernaoulumr
580 1014 773 1090 Aduena,
807 1010 931 1098 inquit,
958 1036 1040 1080 sum
1069 1015 1110 1082 in
1136 1018 1244 1085 terra
1275 1025 1316 1088 et
1432 1059 1433 1064 κ

78 1120 315 1219 persgpina
337 1139 419 1186 sum
441 1139 513 1205 ego
539 1117 778 1186 vobiscum.“
821 1116 934 1202 Atque
948 1101 1028 1185 haee
1043 1117 1226 1186 differentia
1245 1124 1314 1190 tam
1417 1190 1425 1202 ,

78 1241 204 1309 magna
220 1224 295 1304 est,
318 1223 357 1287 nt
370 1220 532 1288 Basilides
547 1221 630 1286 hano
648 1218 827 1284 admiratus
852 1218 887 1283 in
907 1241 981 1284 eum
1001 1241 1140 1286 errorem
1159 1222 1313 1292 inductus

80 1321 134 1402 sit,
155 1325 201 1389 ut
224 1322 376 1390 animam
391 1323 572 1392 essentia
593 1342 665 1388 esse
688 1342 809 1408 supra
829 1319 930 1388 huno
952 1321 1132 1389 mundum
1153 1326 1312 1412 opinetur.

75 1423 180 1502 =‚,Hoo
195 1430 320 1492 autem
334 1423 399 1493 non
419 1426 467 1492 ita
487 1448 522 1494 se
542 1423 655 1502 habet3
676 1422 773 1490 unius
786 1422 873 1488 enim
892 1421 999 1490 omnia
1021 1426 1099 1488 sunt
1116 1423 1184 1504 dei,
1208 1450 1312 1516 neque
1412 1487 1414 1500 .

76 1527 139 1592 erit
153 1527 344 1615 quisquam
364 1531 524 1608 natura,
560 1527 583 1593 i.
603 1549 632 1596 e.
661 1526 839 1592 essentia
858 1525 969 1591 mnndi
988 1523 1123 1612 hospes,
1153 1549 1252 1612 quum
1266 1532 1312 1598 sit

74 1649 153 1696 una
168 1631 316 1717 quidem
330 1632 511 1700 essentia
525 1629 628 1718 (quod
642 1629 684 1694 ad
698 1628 745 1694 rei
761 1651 824 1694 ore
834 1632 919 1694 atae
934 1628 1149 1703 eonditionem
1164 1631 1310 1718 attinet),

75 1753 161 1799 unus
177 1755 266 1800 vero
284 1733 398 1802 deus.“
441 1733 721 1816 Quamvisautem
736 1730 843 1796 anima
856 1753 921 1796 non
936 1731 981 1796 sit
995 1729 1123 1799 divinae
1137 1735 1308 1816 essentiae,
1344 1775 1348 1796 .

75 1838 231 1904 attamen
246 1837 383 1904 tantum
398 1837 541 1902 essentia
556 1858 616 1902 sua
630 1834 740 1900 differt
754 1855 774 1898 a
788 1821 936 1921 corpore,
958 1834 995 1898 ut
1015 1832 1090 1912 hoo,
1115 1833 1201 1900 siout
1214 1836 1309 1906 homo

74 1940 302 2024 peregrinans
311 1938 504 2004 deversoriis
513 1938 548 2006 in
559 1939 623 2020 via,
635 1937 684 2002 ita
695 1937 853 2018 utaturl).
882 1937 932 2000 At
942 1957 1016 2001 vero
1028 1935 1089 2002 heo
1099 1935 1308 2012 similitudine

76 2043 148 2108 arta
157 2042 222 2108 illa
234 2039 403 2128 copulatio
414 2040 483 2106 tolli
494 2041 633 2108 videtur.
661 2037 726 2106 Sed
738 2037 971 2126 hocnunquam
983 2036 1306 2126 oonoedetClemeus,

76 2143 226 2227 quinimo
261 2141 423 2208 hominem
453 2145 492 2208 ut
524 2141 684 2208 hominem
713 2162 753 2206 ex
788 2143 924 2226 utraque
960 2143 1148 2214 constare
1180 2166 1307 2236 semper

75 2244 167 2312 tenet
181 2246 355 2330 habetque
374 2265 575 2332 persuasum.
621 2241 830 2330 Quapropter
854 2239 952 2306 etiam
972 2263 1088 2330 eorpus
1111 2247 1145 2310 et
1164 2249 1304 2342 animam

75 2347 241 2436 tanquam
257 2369 359 2414 unum
373 2348 480 2412 totum
491 2345 655 2432 quoddam¹
676 2344 830 2434 copulans
849 2343 993 2432 appellet
1016 2345 1304 2423 humanitatem

76 2451 351 2538 (ἀνθρωπότητα),
368 2449 390 2513 i.
404 2471 432 2514 e.
447 2447 620 2514 humanam
635 2450 832 2532 naturam).
874 2447 988 2532 Atque
1001 2446 1080 2518 haee
1093 2451 1167 2541 ipsa
1182 2454 1302 2542 ἀνθρω-

70 2549 171 2640 πότης
187 2550 582 2620 inomnihushominibus
595 2549 735 2639 singulis
749 2549 837 2616 inest
851 2549 974 2620 eadem.
1184 2619 1189 2625 ,

139 2651 190 2719 ut
205 2676 329 2741 eorpus
345 2654 474 2740 quidem
485 2653 520 2719 in
534 2653 683 2720 omnibus
703 2653 847 2720 natura
863 2674 932 2718 sua
951 2651 1037 2720 idem
1052 2677 1139 2735 esse,
1169 2657 1301 2730 demon·

77 2753 185 2822 strare
200 2779 246 2823 ex
263 2753 442 2822 Clementis
459 2745 911 2842 sententia-supervaoaneum
927 2755 1023 2834 duoo,
1052 2761 1090 2824 ut
1105 2759 1192 2845 quod
1206 2786 1299 2836 nemo
1352 2749 1355 2755 Δ

76 2873 226 2943 unquam
248 2879 347 2924 sanae
375 2858 494 2924 mentis
519 2857 554 2923 in
579 2856 712 2924 dubium
735 2856 943 2922 revocaverit.
986 2857 1174 2928 Deanimis
1190 2869 1299 2935 autem

75 2952 153 3026 haee
168 2961 265 3028 dieit.
300 2961 420 3050 „Ipsae
440 2961 525 3026 enim
539 2983 597 3049 per
612 2981 757 3046 separes
773 2961 850 3024 sunt
865 2958 989 3024 animae
995 2983 1004 3038 ς
1026 2962 1151 3030 animae
1166 2971 1300 3038 neutrae

76 3079 134 3126 nee
144 3063 315 3130 masculae
325 3085 385 3130 neo
395 3063 602 3146 feminae⁸).⁴‘
624 3061 717 3128 Haeo
729 3063 806 3126 sunt
815 3059 996 3126 manifesta.
1021 3063 1298 3140 Alioautemlooo

74 3181 137 3230 non
157 3167 272 3240 minus
288 3169 400 3254 aperte
415 3167 524 3232 dooet:
547 3162 715 3244 „Constat
728 3163 894 3240 internos,
910 3163 1043 3230 eandem
1058 3164 1091 3231 in
1106 3191 1298 3261 unoquoque

75 3282 196 3346 genere
224 3270 377 3334 naturam
412 3268 546 3334 eandem
574 3265 674 3344 etiam
699 3264 817 3332 habere
854 3265 1019 3335 virtutem.
1068 3269 1195 3357 Atqui
1223 3297 1297 3345 nen

75 3365 210 3450 aliam,
235 3371 338 3456 quod
366 3371 517 3437 attinet
539 3369 677 3454 adripe
703 3369 993 3459 ἀνθρωπότῃτα,
1021 3374 1203 3440 naturam
1228 3375 1296 3444 ha.

75 3461 167 3569 bere
204 3471 369 3540 videtur
409 3473 567 3550 mulier,
610 3469 727 3536 aliam
763 3474 893 3540 autem
931 3471 1008 3549 vir3
1051 3475 1295 3549 atenimvero

75 3571 225 3646 taudem:
248 3595 327 3661 ergo
341 3575 440 3642 etiam
453 3575 679 3660 virtutemq‘s

138 3671 272 3756 Quibus
282 3675 332 3744 ita
346 3675 558 3767 comparatis,
578 3680 617 3744 ut
630 3675 760 3765 penitus
775 3697 1008 3764 cognoscamus
1021 3679 1182 3762 naturam,
1212 3709 1294 3774 quae

129 3927 153 3993 ¹)
172 3931 245 3984 Haeo
257 3937 343 3987 omnia
355 3939 443 3988 eadem
458 3938 617 3988 continentur
628 3938 730 4005 pagina.
845 3989 848 3994 ,

126 4013 152 4082 ²)
170 4017 249 4069 Poed.
263 4021 282 4072 l.
294 4021 318 4076 1.
331 4037 356 4088 p.
370 4021 428 4075 1012
445 4019 637 4092 Παιδαγωγὸς,
653 4018 671 4092 ἡ
690 4019 786 4088 σοφία,
803 4015 819 4073 ὁ
834 4015 923 4091 Λόγος
938 4021 989 4075 τοῦ
1004 4017 1118 4090 Herpha
1132 4020 1148 4080 ὁ
1160 4027 1290 4103 δημιουρ.

74 4086 157 4161 νήσας
167 4097 217 4155 τὸν
229 4095 391 4176 ἄνθρωπον,
405 4098 488 4160 ὅλον
499 4101 678 4175 κήδεταινοῦ
697 4100 905 4175 πλάσματος·
923 4106 1083 4178 καὶσῶμα
1103 4111 1161 4168 καὶ
1181 4113 1292 4188 ψυχὴν

76 4169 180 4238 ἀκεῖται
192 4181 278 4242 stret
291 4185 462 4261 ὁπαναρκὴς
472 4192 530 4258 τῆς
542 4186 813 4262 ἄνθρωπότηνος
824 4188 926 4263 ἰατρὸς,
938 4187 953 4246 ὃ
966 4187 1076 4264 Σωτήρ.

126 4269 151 4336 ³)
169 4274 262 4328 soom.
274 4276 320 4333 vl.
332 4279 429 4342 aito:
442 4272 528 4332 Atra
537 4274 591 4350 γὰρ
600 4281 665 4334 καθ’
678 4273 762 4342 αὑτὰς
775 4273 817 4332 ἐπ’
830 4278 890 4350 ἴσης
901 4277 953 4335 εἰσὶ
962 4279 1056 4350 ψυχαί·
1066 4279 1096 4336 αἱ
1105 4283 1192 4352 ψυχαὶ
1205 4281 1289 4346 otti.

74 4350 327 4415 τεαιοὸνᾶεν
396 4355 426 4415 ’τ
486 4358 492 4378 '
564 4405 570 4418 .

103 4371 153 4508 0⁴)
171 4445 190 4499 1.
203 4378 227 4500 οε.
240 4359 712 4518 pfgosgtsgzoifflz‘ffiwvw
728 4444 814 4519 αὐτὴν
830 4445 915 4518 φύσιν
930 4444 1002 4504 κατὰ
1017 4449 1096 4520 γένος
1111 4447 1289 4538 &ammte
1374 4434 1378 4447 Ι

76 4513 159 4618 (ξῦνὴν
169 4528 215 4584 καὶ
234 4529 317 4600 ἴσχειν
335 4524 444 4602 ἀρετήν.
462 4528 514 4588 οὐκ
531 4529 616 4603 ἄλλην
631 4533 725 4590 τοίνυν
741 4531 812 4608 πρὸς
826 4530 876 4606 τὴν
892 4531 1099 4607 &viconiense
1116 4531 1202 4608 φύσιν
1217 4535 1287 4608 ἔχειν

75 4606 176 4683 ttvvq,
187 4608 271 4684 ἄλλην
282 4611 340 4672 set
356 4612 427 4690 ἀνὴρ
441 4619 578 4690 φαίνεται,
590 4613 674 4691 ἀλλ’ἢ
688 4615 739 4691 τὴν
751 4615 845 4692 αὐτήν.
858 4615 928 4679 ὥστε
939 4623 987 4678 καὶ
997 4618 1048 4694 τὴν
1058 4619 1169 4696 ἀρετήν.
1225 4637 1228 4648 ·
