2830 5052
621 349 683 414 11⁷

15 527 17 538 '
63 533 167 600 tionem
180 531 267 620 opud
281 531 370 621 ipsos
384 533 532 612 inveniri,
549 533 607 600 sed
621 533 719 600 etiem
733 535 888 622 dogmata
901 557 1011 604 eorum
1020 536 1160 606 maxime
1171 537 1261 634 prin-

62 634 170 722 cipelio‚
191 657 275 724 quae
295 637 346 704 ad.
355 636 464 715 fidem,
485 635 688 723 sapientiam,
708 637 934 724 cognitionem,
958 640 1136 717 scientiam,
1157 661 1261 728 spem,

62 737 223 816 caritatem,
249 738 493 826 poenitentiam,
520 737 762 819 continentiam,
787 740 865 830 quin
895 744 993 810 etiam
1022 743 1074 810 dei
1098 743 1259 826 timorem,

61 839 292 929 universumque
316 840 447 908 omnino
471 839 619 906 veritatis
645 839 804 908 virtutum
829 865 964 926 examen
987 845 1163 936 pertinent,
1188 865 1260 911 eur·-

63 943 134 1028 repts
147 941 193 1008 ab*
202 941 287 1030 ipsis
308 949 343 1008 et
362 943 546 1010 adulterato
564 963 652 1019 esse;
674 941 800 1021 deinde,
816 947 974 1034 quomodo
989 947 1050 1014 hoc
1063 949 1171 1014 totum
1185 945 1260 1012 her-

66 1040 137 1124 burgae
150 1042 375 1132 philosophiae
388 1066 492 1132 genus
508 1043 661 1110 aemulati
677 1045 753 1111 sint.
775 1047 860 1112 Tum
875 1071 951 1116 vero
965 1051 1005 1116 de
1020 1051 1078 1128 eis,
1093 1049 1260 1141 inquibus
1303 1059 1306 1066 '

63 1141 209 1212 eGraecis
225 1146 524 1236 vituperemur‚·ito
538 1145 601 1212 erit
615 1148 788 1232 egendum,
803 1151 843 1214 ut
862 1149 979 1217 divinis
998 1151 1118 1228 litteris
1137 1151 1261 1242 poesim

61 1247 178 1326 uhmur,
199 1249 318 1340 ecquid
337 1249 486 1318 Judoeus
506 1248 586 1314 haec
606 1249 751 1328 audiens,
774 1273 815 1318 ex
838 1251 896 1328 eie,
910 1276 1002 1344 quoe
1021 1254 1135 1332 credit,
1155 1253 1262 1343 possit
1296 1244 1298 1250 ¹

61 1348 158 1416 sensim
173 1353 322 1420 converti
336 1354 378 1419 ad
393 1376 477 1431 eum,
492 1351 527 1418 in
541 1371 635 1436 quem
655 1351 798 1419 nondum
812 1355 923 1419 eredit.
967 1357 1034 1427 Sed
1048 1379 1147 1445 quum
1162 1356 1261 1422 bene·

59 1449 143 1518 dicere
156 1453 378 1534 didicerimus,
393 1455 449 1545 qui
463 1475 523 1520 noe
538 1456 758 1534 exsecrantur,
781 1455 858 1523 dum
878 1459 982 1554 amics
1001 1460 1116 1524 nostra
1135 1457 1187 1522 eet
1208 1477 1260 1522 re-

59 1553 215 1640 prehensio,
245 1557 348 1626 etiam
377 1556 639 1647 philosophorum
673 1551 844 1642 ingenuos*
862 1559 1011 1648 excipiet,
1041 1558 1171 1648 quibus,
1200 1557 1259 1636 eis

59 1675 171 1742 quorum
205 1660 298 1726 iures
336 1663 430 1739 sunt,
460 1662 581 1749 opertis
609 1660 811 1750 propriisque
842 1661 993 1728 refutatis
1000 1708 1009 1740 ,
1038 1661 1173 1728 nimium
1209 1659 1261 1726 sui

61 1777 185 1826 amorem
197 1747 419 1828 detrehemus.
462 1763 625 1854 Denique,
647 1785 743 1852 quam
767 1763 812 1829 sit
830 1763 885 1830 ille
903 1763 1145 1853 disciplinarum
1160 1760 1259 1838 orbis,

61 1857 155 1950 dequo
168 1865 313 1931 maxime
327 1865 519 1952 gloriantur,
534 1864 671 1942 inutilis,
687 1885 894 1955 exponemus.
932 1865 1023 1948 „Qui
1037 1863 1261 1932 autem'libere

64 1964 253 2048 reprehendit,
270 1971 323 2034 eet
337 1967 526 2057 pacificus.“
548 1964 713 2046 Ceterum,
729 1971 768 2034 ut
783 1969 933 2048 solemus,
950 1967 1086 2056 simplici
1098 1971 1135 2034 et
1145 1967 1260 2055 operto

66 2063 163 2134 utemur
184 2091 346 2146 sermone,
366 2069 601 2158 veritatemque
621 2069 743 2158 passim
769 2071 1033 2160 dispergerent,
1057 2069 1112 2160 qui
1130 2068 1260 2156 legerit,
1383 2066 1387 2082 '

63 2161 163 2236 &nime
180 2169 396 2261 supersedeat
409 2169 528 2248 labore,
543 2193 715 2260 pergemus
727 2175 769 2260 ¹).

106 2267 169 2337 Iam
189 2273 298 2360 igitur
315 2274 447 2361 propter
466 2277 567 2350 tuom,
589 2273 681 2340 aiunt
700 2274 886 2352 Proverbie‚
907 2295 948 2340 ne
969 2271 1112 2338 efferaris
1128 2270 1257 2360 'sapien-

61 2364 136 2435 tiam:
146 2373 204 2451 „in
218 2376 371 2443 omnibus
386 2377 494 2442 sutem
510 2376 571 2442 viis
585 2397 727 2464 agnosce
739 2377 854 2468 ipsam,
870 2378 909 2442 ut
927 2377 1017 2442 reoto
1031 2373 1161 2440 tramite
1177 2372 1256 2438 diri-

59 2472 181 2550 gatvias
202 2481 299 2555 tuae3
327 2501 385 2566 pes
405 2479 514 2543 autem
534 2481 611 2544 tuus
632 2501 672 2545 ne
693 2479 886 2553 offendati‘«,
912 2477 1041 2559 Quibus
1063 2475 1208 2542 ostendit
1222 2473 1260 2544 S.

59 2567 220 2664 Scriptura,
243 2583 391 2670 oportere
411 2601 508 2669 opera
527 2581 645 2646 rationi
665 2603 738 2648 esse
757 2577 990 2658 convenientia,
1011 2580 1063 2646 vel
1083 2577 1262 2666 cognitioni

59 2691 134 2743 verae
147 2683 344 2772 respondete
359 2683 527 2750 actionem.
561 2683 627 2765 Qui
643 2705 720 2771 ergo
735 2685 830 2751 deum
845 2683 1043 2771 cognoverit,
1058 2683 1260 2749 voluntatem

58 2773 113 2842 eius
130 2781 264 2852 debebit
283 2784 427 2874 exsequi.
472 2783 536 2851 Sed
559 2784 726 2872 Sapientia
745 2787 813 2852 sive
832 2787 970 2852 herbera
990 2787 1104 2850 nostre
1117 2781 1260 2872 philoso-

58 2874 127 2960 phia,
142 2887 360 2973 cognitionem
376 2887 510 2976 praebet
524 2887 699 2976 duplicem:
722 2911 819 2954 unam
835 2889 876 2954 ad
891 2911 928 2956 es
939 2887 1165 2977 pertinentem,
1178 2905 1260 2974 quae
1399 2891 1400 2896 ’

58 2979 106 3046 sub
120 3007 234 3056 sensus
250 2989 382 3065 eadunt,
397 2989 500 3054 altera
514 2989 632 3068 omnio,
647 2995 730 3075 quae
745 2991 935 3056 solamente
950 2986 1173 3077 comprehendi
1183 3007 1259 3074 pos-

59 3086 131 3162 ⁸¹¹11h
146 3091 382 3182 complectitur.
425 3090 504 3180 Ipse
523 3093 632 3156 autem
652 3115 755 3182 usque
775 3093 817 3158 od
831 3091 926 3158 huius
941 3111 1048 3156 rerum
1063 3087 1258 3154 universita-

57 3181 92 3248 tis
105 3190 279 3286 principem
300 3194 465 3284 penetret,
492 3194 639 3284 quamvis
661 3193 707 3259 eit
725 3195 766 3260 ad
786 3191 1090 3283 apprehendendum
1109 3190 1259 3258 difficilis.

57 3281 188 3384 Ntmque
202 3299 239 3364 in
252 3297 313 3364 hoo
327 3297 418 3374 deus,
434 3319 533 3386 quum
553 3297 623 3386 ipse
645 3296 757 3386 procul
777 3297 832 3375 sit,
852 3294 979 3362 cecedit
993 3317 1089 3383 quem
1103 3294 1259 3384 proxime,

58 3391 103 3474 lui
116 3397 228 3478 ndens,
243 3399 360 3485 inquit,
376 3401 635 3490 appropinquans
650 3409 746 3486 ego.“
770 3399 824 3465 Es
834 3398 965 3465 sentia
980 3397 1101 3486 procul,
1116 3397 1260 3487 proxime

58 3494 325 3584 estpotestate.
354 3501 570 3583 Quamobrem
585 3501 735 3589 Moyses:
758 3501 930 3579 „Ostende
945 3504 990 3583 te,
1010 3499 1127 3586 inquit,
1146 3497 1260 3567 mihi.“

58 3587 155 3682 Atque
174 3604 210 3672 in
235 3603 417 3691 caliginem,
442 3603 500 3670 ubi
524 3603 666 3670 deierat
690 3625 763 3680 vox,
794 3604 921 3692 ingredi
956 3604 1096 3684 cogitur,
1117 3601 1138 3665 i.
1164 3622 1192 3664 e.
1219 3599 1260 3665 od

58 3712 177 3772 ucenae
192 3709 227 3774 et
240 3707 371 3794 ignotos
387 3706 427 3772 de
441 3706 584 3772 essentia
598 3692 667 3772 eius
682 3706 840 3772 notiones.
886 3704 1033 3792 Caligine
1048 3702 1143 3778 enim,
1154 3713 1260 3786 'quum

59 3791 126 3866 deus
145 3810 178 3874 et
196 3809 267 3876 loco
288 3812 322 3876 et
340 3811 484 3898 tempore
498 3811 602 3886 vacet,
622 3805 752 3874 minime
771 3809 863 3876 lucus
880 3807 1090 3894 significatur.
1134 3801 1261 3885 Quodsi

60 3889 168 3976 ciclum
181 3911 318 3980 thronus
333 3911 403 3980 eius
418 3911 547 3990 dicitur,
558 3933 600 3978 ne
615 3911 811 4000 sicquidem,
823 3933 895 3976 eum
907 3909 1023 3976 throno
1035 3906 1172 3994 quodem
1184 3927 1260 3972 con-

60 4000 143 4074 tineri
156 4017 371 4094 concedimus,
388 4013 445 4082 sed
459 4015 660 4104 acquievisse
680 4011 860 4078 iudicamus
875 4012 983 4099 ipsum
997 4009 1140 4099 perlecto
1154 4007 1261 4096 operis

61 4109 195 4183 coronide
215 4105 422 4185 delectatum.
465 4115 571 4201 Atqui
595 4116 667 4202 ipsa
686 4116 824 4182 veritate
844 4113 982 4201 occulta,
1002 4111 1080 4198 quid
1105 4111 1261 4198 agamus?

62 4199 149 4280 Htud
161 4218 258 4288 dubie
277 4219 547 4310 communicatam
564 4201 721 4284 diviniths
742 4218 911 4284 veritatem
931 4217 1070 4284 libenter
1089 4213 1261 4288 discemus,

64 4310 241 4402 accipientes
256 4322 298 4389 ob
313 4321 371 4400 eis,
392 4321 448 4408 qui
467 4341 566 4406 quum
586 4319 653 4386 sint
672 4321 787 4410 repleti
807 4320 925 4408 spiritu
946 4319 1068 4394 sancto,
1087 4337 1152 4382 non
1170 4335 1261 4380 men-

65 4406 185 4496 liuntur.
229 4424 296 4494 Sed
309 4427 357 4502 ut,
373 4413 455 4512 quae
477 4425 558 4490 sunt
569 4445 655 4500 vere,
676 4443 718 4488 ea»
734 4423 956 4510 possideamus
978 4421 1095 4496 mente,
1111 4414 1261 4484 cordibus

66 4528 198 4598 buseo
211 4526 253 4592 ad
267 4526 459 4592 credendum
475 4525 609 4615 paretis.
654 4523 736 4590 Nam
753 4525 807 4611 qui
825 4526 902 4588 sunt
915 4520 1076 4599 invidiosi,
1092 4517 1262 4609 perturbe-

69 4611 251 4643 κ·
565 4649 570 4652 .

112 4652 135 4722 ¹)
150 4675 172 4728 n
182 4663 268 4719 us-
279 4662 338 4718 coo.
