2820 5052
609 329 669 396 189

57 515 207 584 nundus.
248 515 313 584 Est
332 515 443 583 autom
469 513 565 582 homo
584 515 723 583 maxime
741 515 849 582 factus
869 515 1024 583 addeum
1044 536 1242 604 cognoscen-

58 620 115 686 dum
121 618 205 696 3sed
224 619 278 686 est
302 617 399 686 etiam
424 621 601 703 geometra,
629 617 781 706 agricola,
807 617 1027 707 philosophus.
1069 617 1243 716 Equibus

56 745 134 788 unum
157 712 285 808 quidem
299 718 450 788 conducit
469 719 512 784 ad
526 718 709 799 vivendum,
744 720 883 788 alterum
897 723 939 792 nd
952 721 1034 788 bene
1058 720 1242 801 vivendum,
1341 785 1352 796 ,

57 823 164 890 tertium
177 823 219 889 ad
234 845 274 889 ea
287 821 483 900 meditanda,
499 845 582 909 quac
595 821 868 890 demonstrationi
879 821 1103 890 subiiciuntur.
1132 824 1244 892 Philo·
1267 905 1272 916 ¹

58 926 144 1014 sophia
157 931 277 1006 autem,
293 925 439 1013 quamvis
455 947 475 990 a
489 923 616 990 diabolo
631 929 720 992 essct
733 925 877 1004 inventa,
897 931 1007 992 tomen
1027 926 1146 1014 partim
1166 950 1244 994 vera

60 1049 106 1094 use
128 1033 249 1118 posset.
309 1028 481 1116 Scriptura
509 1029 610 1106 enim,
647 1028 846 1098 diabolum
878 1027 1171 1114 transfigurari
1204 1031 1243 1096 in

59 1131 211 1216 argelum
226 1129 330 1198 lucis
345 1131 436 1200 dicit.
460 1129 527 1213 Qui
541 1131 684 1217 digitur?
700 1131 840 1198 Etiamsi
854 1151 928 1196 vera
938 1131 1191 1198 communicaret
1201 1133 1244 1198 ad

56 1230 251 1320 decipiendum
265 1233 301 1300 in
315 1232 398 1311 aliis,
410 1236 521 1302 tamen
532 1233 589 1300 illa
598 1233 726 1320 quidem
732 1255 809 1300 vera
819 1237 940 1299 essent.
963 1232 1122 1300 Veritatis
1134 1240 1245 1301 autem

55 1332 149 1421 rlquid
161 1337 245 1404 scire
257 1340 371 1426 potest
380 1335 538 1415 diabolus,
554 1359 619 1403 non
634 1335 763 1422 quidem
773 1338 812 1402 ut
825 1357 896 1402 eam
910 1334 1170 1422 comprehendat,
1187 1337 1245 1404 sed

53 1440 79 1502 ut
89 1437 150 1506 eins
163 1461 230 1506 non
246 1440 292 1506 sit
304 1440 449 1528 ignarus.
495 1439 654 1522 Quamvis
668 1459 746 1524 ergo
761 1437 813 1504 fur
828 1441 863 1504 et
876 1438 1014 1506 mendax
1029 1441 1153 1518 auctor,
1169 1440 1242 1528 phi·
1316 1433 1322 1451 ⁸

52 1537 173 1628 losophia
187 1565 266 1610 vera
280 1565 352 1609 assa
367 1540 499 1631 poterit.
543 1540 616 1608 Non
637 1541 725 1628 quis
742 1541 871 1618 dixerit,
886 1541 945 1606 scd
966 1562 1065 1626 quae
1080 1541 1241 1622 dicantur,

52 1645 295 1713 considerandum
309 1647 371 1711 est.
416 1643 483 1712 Sed
505 1641 641 1711 Graecis
661 1641 864 1732 philosophia
881 1643 959 1710 data
979 1645 1032 1709 est
1047 1643 1149 1710 veluti
1166 1667 1242 1732 pro-

51 1743 134 1829 prium
157 1747 424 1825 Testamentum,
457 1750 497 1812 ut
520 1745 714 1812 christianae
737 1743 959 1834 philosophiae
984 1743 1241 1812 fundamentum.

52 1845 309 1927 Quemadmodum
323 1851 358 1916 in
369 1849 508 1916 barbara
521 1847 737 1938 philosophia,
753 1848 803 1914 ita
815 1849 913 1914 etiam
929 1848 963 1913 in
975 1845 1102 1914 Graeca
1114 1871 1134 1914 a
1146 1849 1242 1916 solito

51 1947 224 2020 rhosiorum
249 1951 393 2040 agricola
415 1946 612 2018 seminata
634 1953 715 2017 sunt
733 1950 899 2016 zizania.
949 1949 1119 2016 Eiusmodi
1143 1951 1254 2018 herba·

50 2047 151 2122 inutilis
166 2060 220 2123 est
235 2055 371 2144 Epicuri
389 2054 542 2144 impietas
558 2057 593 2121 et
605 2053 769 2141 voluptas.
803 2053 901 2120 Hanc
915 2054 1046 2140 quidem
1059 2053 1242 2142 Apostolus

50 2149 110 2220 dicit
129 2159 370 2248 sapientiam
388 2155 509 2224 huius
536 2155 680 2234 seculi,
704 2178 786 2242 quae
806 2159 859 2223 est
877 2149 1060 2243 voluptaria
1079 2155 1243 2243 nimioque
1327 2152 1330 2163 ’

50 2255 157 2325 tenetur
176 2262 228 2328 sui
248 2261 352 2350 ipsius
373 2281 482 2328 amore
499 2263 635 2346 totaque
653 2259 797 2347 pertinet
821 2259 863 2324 ad
887 2257 973 2323 hunc
992 2259 1158 2324 mundum.
1201 2259 1243 2326 In
1364 2302 1370 2322 .

50 2355 192 2469 ¹clementis
206 2361 311 2452 igitur
325 2366 475 2430 versatur
488 2361 570 2428 haec
587 2361 921 2450 philosophia,qunm
941 2360 1086 2448 perlecta
1107 2361 1243 2430 scientia

49 2477 73 2523 ιι
94 2461 135 2530 cis
157 2468 327 2544 cernatur,
352 2487 435 2552 quac
461 2469 539 2532 sunt
564 2465 651 2532 ultra
681 2461 836 2532 mundum
860 2462 994 2550 solaque
1016 2464 1242 2552 percipiuntur

49 2559 144 2646 nente‘,
166 2591 267 2656 quaa
289 2567 428 2635 oculus
450 2591 526 2636 non
547 2567 668 2644 vidit,
688 2568 765 2632 dnm
785 2567 897 2633 doctor
911 2569 1024 2634 noster
1037 2566 1132 2634 nobis
1147 2590 1241 2656 aper·

49 2658 96 2730 iret
108 2675 218 2738 sancta
234 2674 431 2738 sanctorum.
476 2669 579 2738 Cuius
596 2667 748 2757 discipuli
768 2667 853 2735 liunt
876 2667 1030 2736 haeredes
1051 2668 1242 2738 Dominioae
1298 2660 1304 2683 ‘

48 2765 218 2857 uloptionis.
263 2773 335 2840 Iam
349 2773 435 2839 enim
449 2773 555 2840 dicere
570 2772 739 2852 audemus,
753 2793 828 2840 vere
838 2773 1023 2858 gnosticum
1038 2773 1145 2841 omnia
1160 2773 1242 2852 scire

48 2867 72 2930 et
81 2869 164 2942 firma
179 2875 464 2965 comprehensione
479 2874 746 2964 comprehendere
761 2897 801 2940 ea
813 2871 922 2952 etian’u
943 2897 1026 2960 quae
1047 2874 1140 2940 nobis
1164 2879 1242 2942 sunt

47 2965 123 3042 dubia
136 2999 196 3045 nac
209 2982 352 3068 possunt
366 2975 536 3066 explicari3
558 2976 742 3044 huiusmodi
756 2975 820 3042 tuit
833 2975 982 3054 Iacobus,
998 2976 1128 3052 Petrus,
1144 2977 1241 3044 Ioan-

47 3089 98 3153 nes,
111 3076 243 3160 Paulus,
259 3080 358 3148 ceteri
373 3079 537 3168 Apostoli.
581 3079 747 3166 Numquid
761 3101 855 3166 porro
870 3076 1065 3164 cognitionis
1079 3079 1154 3145 finis
1169 3081 1240 3146 ani-

46 3191 100 3242 mas
122 3181 289 3250 rationalis
311 3179 560 3250 immortalitas?
597 3181 678 3249 Sed
687 3181 813 3248 animae
837 3181 920 3250 duae
946 3183 1025 3248 sunt
1048 3179 1238 3250 facultatem

46 3285 240 3366 reposcendi
265 3289 300 3352 et
325 3285 510 3374 appetendi.
563 3279 717 3370 Cognitio
741 3287 851 3350 autem
876 3305 917 3350 ex
942 3271 1105 3362 doctrina3
1128 3286 1239 3372 cogni-

45 3376 146 3452 tionem
160 3388 308 3477 sequitur
319 3388 495 3490 appetitio;
515 3409 556 3453 ex
567 3387 766 3476 appetitione
778 3407 889 3473 agere.
905 3385 1093 3474 omnisergo
1103 3389 1240 3456 actionis

46 3481 219 3576 principium
246 3494 281 3558 et
305 3491 414 3579 opifex
437 3463 595 3576 cognitio.
638 3489 691 3555 Ex
715 3489 776 3556 hac
799 3489 902 3577 igitur
926 3488 1033 3554 anima
1058 3514 1119 3576 χαρ
1104 3515 1240 3579 ρακιηρα

47 3589 172 3678 suscipit.
217 3591 371 3678 cognitio
385 3594 494 3658 autem
510 3596 545 3659 et
558 3591 717 3682 appetitio
736 3591 934 3658 moventur
924 3613 959 3656 m
974 3591 1038 3670 eis,
1053 3613 1135 3676 quac
1151 3595 1241 3672 sunt,

46 3701 162 3767 tuorum
176 3696 229 3764 vel
243 3696 379 3764 alicuius
394 3694 446 3761 vel
461 3696 642 3782 aliquorum
658 3694 710 3761 vel
723 3695 866 3760 omnium
881 3693 1025 3783 perfecta
1034 3693 1089 3759 illa
1100 3695 1152 3758 est
1162 3715 1239 3758 oon·-

45 3784 349 3881 templariorum
370 3800 479 3864 autem
499 3798 644 3864 nonnulli
664 3797 794 3875 dicunt,
820 3795 892 3864 csse
912 3817 994 3883 quae
1011 3793 1241 3882 comprehendi

46 3905 97 3959 ιιιιι
106 3901 241 3984 posunt
286 3900 467 3969 Gnosticus
484 3901 570 3966 enim
585 3900 827 4019 comprehendit
841 3921 889 3977 ea,
905 3921 987 3984 quae
1002 3897 1074 3966 aliis
1089 3896 1241 3962 videntur

45 4009 201 4087 ¹1011possc
216 4002 452 4094 comprehendi.
496 4003 561 4070 Dei
576 4003 661 4071 enim
675 4003 780 4070 Filius
796 4025 895 4089 quum
910 4001 1017 4068 omnia
1031 3998 1238 4088 comprehen-

46 4089 100 4176 dat
113 4107 220 4190 potest
233 4104 332 4173 etiam
347 4104 454 4172 omnia
469 4104 592 4172 docere.
616 4103 683 4188 Qui
697 4107 829 4194 propter
844 4127 936 4171 suam
949 4103 984 4170 in
999 4123 1058 4169 nos
1070 4101 1239 4172 caritatem

46 4211 144 4306 passus
158 4213 219 4286 est,
235 4229 309 4276 eum
324 4207 499 4295 quidquam
514 4207 692 4275 subducere
714 4227 779 4273 non
799 4210 852 4274 est
837 4201 1046 4272 tverisimilc.
1089 4205 1147 4272 Fit
1132 4210 1239 4294 tergo

46 4291 191 4383 praedes
211 4310 305 4377 firma
323 4314 359 4377 et
378 4309 505 4377 stabilis
526 4311 770 4404 demonstratiO,
791 4308 942 4396 quoniam
961 4329 1014 4387 aa,
1041 4331 1158 4397 quaca
1178 4310 1238 4378 deo
1303 4363 1307 4372 ,

49 4408 273 4498 ⁸11ntprofeota,
296 4413 443 4499 sequitur
457 4413 586 4482 veritas.
632 4411 777 4480 Credens
804 4413 912 4478 autem
934 4411 1049 4480 novit
1070 4411 1239 4500 antiqua

48 4503 80 4568 81
97 4515 288 4586 coniectat
308 4517 460 4598 futura,
494 4516 573 4586 scit
601 4515 785 4606 strophas
807 4515 1035 4584 orationum
1055 4519 1096 4584 et
1125 4516 1237 4584 solu-
