2814 5052
734 339 796 404 238

156 547 257 615 quum
277 523 397 590 fertilia
416 547 436 590 a
455 545 520 590 non
540 523 701 590 fertilibus
723 523 806 590 bane
817 524 993 602 disserant,
1014 545 1080 590 nan
1099 524 1231 609 ignorat
1247 527 1365 601 tamen

155 627 190 692 in
205 632 313 693 monte
326 627 409 695 nulli
425 625 570 692 subiecto
584 625 659 702 arti,
673 625 832 714 quidquid
847 627 1011 702 nasoatur,
1026 621 1061 688 id
1073 647 1147 691 esss
1158 624 1366 692 domestieum

156 732 191 798 et
206 751 264 795 suo
279 729 360 794 loeo.
397 729 467 793 Iam
482 749 558 795 vero
570 750 610 798 ox
624 727 685 794 bae
697 727 907 794 similitudine
921 731 1011 794 reete
1022 727 1101 792 mibi
1116 727 1229 794 videor
1243 726 1365 794 oonoln-

156 831 242 909 dera,
262 855 326 896 non
347 834 505 918 oportere,
527 849 736 916 quaeeunque
754 831 788 895 in
811 829 986 897 Stromatis
1014 830 1137 918 scripta
1155 829 1366 920 reperiantur,

155 955 266 1002 eorum
288 933 463 1020 quidquam
484 955 554 998 eam
575 931 616 1002 ob
642 953 772 998 oaumm
799 932 841 998 ab
860 932 941 1021 ipsis
969 931 1109 998 alienum
1126 931 1279 1011 turbari,
1299 931 1367 1017 qaia

155 1059 284 1124 quoquo
299 1037 393 1101 modo
408 1059 427 1100 a
441 1035 568 1120 reliquo
577 1033 721 1100 eiusdem
737 1035 811 1101 libri
831 1037 1023 1122 argumento
1043 1035 1094 1101 uel
1108 1059 1129 1100 a
1142 1034 1263 1101 ueteris
1284 1034 1366 1100 libris

155 1139 292 1225 integris
308 1127 445 1202 differat.
491 1137 557 1204 Sed
577 1135 637 1202 hoo
662 1136 768 1202 solum
793 1135 909 1204 mirum
934 1135 1080 1207 fortasse
1098 1135 1366 1222 rideamne-quod

154 1245 244 1309 totu
254 1263 268 1306 s
280 1241 331 1306 hio
341 1240 423 1306 liber
433 1237 644 1305 christianam
652 1239 833 1324 doctrinam
848 1244 913 1304 nbu
927 1242 1064 1314 treatet3
1076 1239 1113 1304 id
1128 1238 1211 1306 enim
1228 1239 1272 1305 ds
1287 1237 1365 1306 nullo

156 1345 218 1410 alio
233 1343 315 1408 libro
330 1342 393 1408 diei
407 1345 528 1429 potest.
571 1343 622 1407 At
633 1341 720 1406 enim
739 1363 815 1407 vero
835 1344 966 1407 totum
986 1341 1103 1408 librum
1117 1363 1182 1407 non
1196 1341 1360 1416 hebemus

86 1439 90 1454 '
155 1449 371 1533 fragmentum
394 1448 458 1520 est,
479 1443 566 1529 quod
585 1447 706 1509 exstat.
750 1442 797 1508 Et
817 1442 943 1508 duabus
963 1443 1092 1528 quidem
1107 1443 1222 1531 primis
1241 1442 1363 1531 paginis

156 1549 302 1615 doctrina
323 1546 501 1611 obristiana
520 1546 633 1631 utique
654 1546 854 1622 eontinetnr3
876 1543 1019 1631 reliquae
1045 1549 1123 1612 sunt
1147 1545 1291 1632 paginae
1315 1545 1365 1612 ri-

154 1651 268 1740 ginti.
290 1648 488 1716 Huiusmodi
502 1653 611 1713 autem
626 1647 864 1736 disputationes
879 1669 941 1734 pm
953 1670 987 1714 se
1002 1648 1131 1733 quidem
1141 1652 1233 1714 totae
1248 1647 1366 1714 abenas

155 1779 174 1820 a
190 1751 352 1840 dogmatis
368 1750 553 1816 christianis
569 1749 678 1837 plures
693 1750 727 1814 in
743 1749 1051 1816 Stmmatiaobtiae
1070 1757 1150 1816 sumt
1168 1750 1366 1818 oouaiderate

155 1855 287 1943 legenti,
318 1874 400 1939 quae
429 1851 541 1916 eodem
568 1852 640 1917 iare
668 1852 854 1934 eiiciantur,
886 1875 952 1939 qno
978 1853 1124 1918 reiieitur
1151 1853 1367 1939 fragmentum

154 1955 229 2024 libri
251 1955 343 2022 VIII.
390 1953 456 2020 Sed
482 1957 521 2019 ut
540 1954 687 2042 exemplo
711 1963 798 2035 utar,
824 1955 859 2020 in
883 1955 987 2042 primo
1013 1955 1134 2022 Strom.
1159 1954 1241 2020 libro
1268 1955 1366 2022 totius

103 2133 108 2149 ,
155 2059 283 2146 generis
298 2057 429 2122 humani
444 2057 599 2122 historiae
614 2059 797 2144 temporum
809 2057 938 2122 ordines
949 2057 998 2122 ita
1009 2060 1193 2134 narrantur,
1208 2059 1249 2122 ut
1258 2080 1325 2144 ,per
1338 2079 1366 2122 se

59 2221 64 2232 ,
154 2166 240 2229 eerte
256 2159 335 2224 nihil
349 2159 491 2224 babeant
502 2180 671 2225 summane
682 2181 755 2224 oum
767 2159 894 2236 ceteris,
907 2163 941 2224 et
951 2162 1125 2226 namtas
1135 2158 1267 2244 quidem
1278 2160 1365 2246 pagi-

153 2262 408 2348 uistriginta,
431 2261 557 2326 duabus
572 2262 701 2349 paginis
721 2251 787 2327 una
806 2261 1001 2348 interposita
1021 2261 1169 2328 Deuidlis
1189 2261 1366 2350 prophetia.

155 2364 283 2448 Quodsi
296 2364 391 2428 huius
407 2364 601 2430 narrationis
617 2365 721 2451 prima
734 2363 1015 2449 enunoiata,.quae
1030 2368 1110 2432 suut
1122 2364 1280 2451 prooemii
1289 2364 1365 2440 loeo,

154 2468 361 2542 excidissent,
383 2466 600 2551 fragmentum
621 2470 730 2531 autem
744 2465 817 2555 ipsa
836 2469 981 2534 narratio
1001 2469 1193 2543 semineret,
1214 2465 1279 2532 viri
1296 2487 1365 2532 eru-

154 2569 215 2636 diti
230 2569 288 2645 illi,
303 2569 408 2653 oredo,
432 2591 502 2633 eam
523 2568 642 2655 quippe
663 2568 742 2634 nibil
762 2593 835 2636 oum
851 2570 986 2656 reliquls
1007 2590 1176 2636 oommuue
1195 2566 1364 2634 habentem

155 2693 251 2759 quam
265 2669 455 2756 longissime
468 2670 647 2747 reiioerent,
664 2692 763 2760 quum
784 2677 896 2740 eontra
916 2677 1007 2740 totus
1026 2675 1108 2758 agat
1126 2670 1166 2736 de
1186 2672 1363 2758 temporam

154 2773 330 2842 ordinibus.
373 2771 449 2837 Hoo
463 2776 572 2840 autem
587 2774 769 2861 exemplum
787 2777 890 2842 solum
906 2779 940 2842 et
958 2775 1090 2842 aninum
1111 2793 1175 2839 non
1190 2777 1254 2840 est.
1300 2773 1360 2838 Iam

154 2879 194 2944 de
209 2873 326 2966 quarta
340 2897 439 2940 eausa
449 2897 552 2963 pausa
562 2878 642 2942 sunt
653 2877 800 2945 dioenda.
822 2877 1000 2961 Quaeritur
1009 2878 1122 2964 igitur,
1136 2899 1205 2943 eur
1217 2873 1360 2944 Clemens

154 2979 378 3070 quaestionem
391 2979 490 3056 illam,
513 3001 562 3044 an
583 3000 658 3046 non
681 2981 736 3046 sit
757 2981 904 3047 animal
925 2981 1075 3063 foetus,
1098 2978 1164 3070 qui
1179 2982 1363 3064 gestatur

153 3085 194 3150 in
215 3087 346 3162 ute-ro,
370 3105 390 3147 a
405 3081 580 3148 christiano
594 3081 722 3148 bomine
736 3107 801 3150 non
815 3107 888 3156 esse
902 3082 1093 3152 movendam
1108 3081 1206 3148 dieat
1230 3080 1271 3148 si
1285 3081 1363 3146 enim

153 3189 287 3276 propter
300 3205 368 3249 rem
384 3183 575 3272 quaesitam,
592 3187 677 3274 quod
691 3186 774 3254 hano
788 3187 871 3254 lorte
886 3189 1016 3274 turpem
1029 3185 1175 3261 baberet,
1192 3183 1222 3248 ai
1234 3187 1364 3272 propter

152 3289 200 3355 rei
215 3286 382 3377 quaesitae
395 3289 556 3365 naturam,
577 3287 723 3376 profecto
743 3289 814 3378 ipse
833 3311 1009 3378 nunqnam,
1028 3287 1125 3356 mado
1145 3285 1208 3352 sibi
1227 3289 1362 3361 oonstet,

142 3393 223 3458 'sam
249 3385 369 3476 poterit
394 3411 531 3454 movere.
575 3391 631 3469 At,
649 3389 781 3458 non'Ita
800 3414 852 3457 res
873 3413 909 3456 se
932 3391 1041 3456 habat.
1084 3389 1159 3456 Hoo
1182 3387 1273 3456 enim
1296 3387 1364 3454 ideo

153 3492 371 3585 quaerendum
391 3513 456 3556 non
475 3513 547 3557 esse
567 3491 663 3569 dicit,
690 3495 776 3582 quod
801 3494 960 3584 quomodo
986 3491 1176 3568 rebellent,
1201 3499 1363 3582 nunquam

153 3594 260 3686 possit
274 3592 424 3670 dls'oerni,
442 3597 640 3682 quapropter
653 3594 682 3659 is
698 3597 827 3685 quidem
841 3595 898 3684 qui
912 3595 946 3660 id
960 3597 1107 3685 quaerat,
1121 3591 1204 3662 nihil
1218 3594 1290 3660 veri
1310 3617 1362 3660 un·

152 3720 248 3790 quam
264 3696 428 3786 roquirere
443 3701 552 3787 queat,
568 3699 606 3762 ut
621 3718 748 3786 semper
762 3698 879 3786 perdat
900 3714 1031 3786 operam
1045 3700 1079 3764 dt
1091 3697 1210 3774 oleum,
1232 3695 1270 3762 id
1284 3694 1363 3788 quod

152 3801 364 3870 obristianum
378 3798 539 3865 hominem
553 3799 639 3865 band
654 3801 777 3866 deceat.
800 3799 885 3866 Esse
900 3799 985 3866 enim
999 3799 1083 3866 bant
1097 3798 1362 3889 quaestionemin

151 3904 198 3972 eis
208 3902 450 3981 numerandam,
466 3925 602 3992 quarum
618 3902 806 3981 solutiones,
822 3903 975 3993 quoniam
991 3901 1171 3990 probabilia
1186 3903 1222 3968 in
1242 3907 1362 3970 utram·

151 4029 214 4094 qao
227 4010 353 4096 partem
364 4007 486 4094 pariter
496 4006 656 4094 disputari
664 4005 802 4094 possint,
817 4004 1361 4094 apertaagnosoanturdesperatae.

152 4109 217 4179 Est
232 4131 310 4196 ergo
324 4109 447 4186 ratio,
464 4128 546 4198 quae
560 4109 646 4179 iuter
659 4107 820 4176 hominem
834 4110 874 4176 de
889 4108 1078 4199 quaestione
1097 4107 1153 4173 illa
1167 4111 1323 4194 agentem
1336 4109 1364 4172 et

152 4213 352 4304 quaestionis
372 4209 566 4288 solutionem
585 4210 771 4289 intersedit,
798 4212 857 4278 orlr
877 4209 1028 4278 Olemsne
1053 4233 1125 4278 eam
1141 4209 1233 4300 ¹veri
1253 4211 1362 4278 inve·

150 4314 287 4382 utendi
309 4335 430 4380 eausa
452 4336 472 4378 a
496 4313 674 4380 ebriatiauo
696 4312 825 4382 bomine
850 4314 987 4402 traqlari
1011 4315 1112 4380 vetat.
1154 4313 1206 4380 At
1232 4313 1361 4382 veroin

145 4417 234 4483 libro
248 4417 334 4484 VIII
347 4439 411 4482 non
427 4417 498 4482 ideo
513 4420 685 4496 tractatur,
701 4421 749 4496 ut,
766 4417 827 4484 hao
842 4419 1030 4508 quaestione
1051 4415 1168 4494 soluta,
1189 4438 1303 4483 verum
1317 4416 1362 4481 in·

151 4519 310 4597 veniatur,
326 4524 365 4586 ut
382 4541 507 4608 reapse,
522 4523 633 4586 utrum
652 4518 760 4588 laetus
782 4520 827 4587 sit
846 4521 975 4600 animal,
996 4542 1124 4598 neone,
1146 4518 1357 4596 disseruntur,

151 4622 211 4692 sed
224 4621 266 4690 ut'
277 4621 564 4692 demonstrationis
577 4623 710 4714 regulae
729 4623 942 4712 gravissimas
959 4621 1110 4695 lmilbme
1128 4621 1359 4714 intelligantur·
