<?xml version="1.0" encoding="UTF-8"?>
<!DOCTYPE html PUBLIC "-//W3C//DTD XHTML 1.0 Transitional//EN"
    "http://www.w3.org/TR/xhtml1/DTD/xhtml1-transitional.dtd">
<html xmlns="http://www.w3.org/1999/xhtml" xml:lang="en" lang="en">
 <head>
  <title>
</title>
<meta http-equiv="Content-Type" content="text/html;charset=utf-8" />
  <meta name='ocr-system' content='tesseract 3.04.00' />
  <meta name='ocr-capabilities' content='ocr_page ocr_carea ocr_par ocr_line ocrx_word'/>
</head>
<body>
  <div class='ocr_page' id='page_1' title='image "./clemente00reingoog_0144.png"; bbox 0 0 2830 5052; ppageno 0'>
   <div class='ocr_carea' id='block_1_1' title="bbox 613 282 764 390">
    <p class='ocr_par' dir='ltr' id='par_1_1' title="bbox 613 282 764 390">
     <span class='ocr_line' id='line_1_1' title="bbox 613 282 764 390; baseline 0.033 -4"><span class='ocrx_word' id='word_1_1' title='bbox 613 323 684 390; x_wconf 76' lang='lat' dir='ltr'>aar</span> <span class='ocrx_word' id='word_1_2' title='bbox 760 282 764 290; x_wconf 44' lang='lat'><strong>⁴</strong></span> 
     </span>
    </p>
   </div>
   <div class='ocr_carea' id='block_1_2' title="bbox 557 409 761 424">
    <p class='ocr_par' dir='ltr' id='par_1_2' title="bbox 557 409 761 424">
     <span class='ocr_line' id='line_1_2' title="bbox 557 409 761 424; baseline 0.005 0"><span class='ocrx_word' id='word_1_3' title='bbox 557 409 761 424; x_wconf 60' lang='grc' dir='ltr'>ι-ι--ι-υ--ῠ</span> 
     </span>
    </p>
   </div>
   <div class='ocr_carea' id='block_1_3' title="bbox 16 505 1267 1005">
    <p class='ocr_par' dir='ltr' id='par_1_3' title="bbox 16 505 1267 1005">
     <span class='ocr_line' id='line_1_3' title="bbox 16 505 1265 600; baseline 0 -24"><span class='ocrx_word' id='word_1_4' title='bbox 16 593 17 600; x_wconf 12' lang='lat'>¹</span> <span class='ocrx_word' id='word_1_5' title='bbox 71 528 151 576; x_wconf 84' lang='lat' dir='ltr'>nsum</span> <span class='ocrx_word' id='word_1_6' title='bbox 167 508 384 576; x_wconf 86' lang='lat' dir='ltr'>necessarium</span> <span class='ocrx_word' id='word_1_7' title='bbox 409 505 535 576; x_wconf 83' lang='lat' dir='ltr'>accedit</span> <span class='ocrx_word' id='word_1_8' title='bbox 557 509 714 594; x_wconf 77' lang='lat' dir='ltr'>tunquam</span> <span class='ocrx_word' id='word_1_9' title='bbox 733 507 864 586; x_wconf 80' lang='lat' dir='ltr'>dunum.</span> <span class='ocrx_word' id='word_1_10' title='bbox 907 505 1035 590; x_wconf 80' lang='lat' dir='ltr'>Quodsi</span> <span class='ocrx_word' id='word_1_11' title='bbox 1053 506 1121 576; x_wconf 89' lang='lat' dir='ltr'>bibi</span> <span class='ocrx_word' id='word_1_12' title='bbox 1140 507 1265 597; x_wconf 87' lang='lat' dir='ltr'>posset,</span> 
     </span>
     <span class='ocr_line' id='line_1_4' title="bbox 70 609 1266 698; baseline 0.003 -24"><span class='ocrx_word' id='word_1_13' title='bbox 70 612 100 674; x_wconf 85' lang='lat' dir='ltr'>ut</span> <span class='ocrx_word' id='word_1_14' title='bbox 111 611 248 698; x_wconf 88' lang='lat' dir='ltr'>exemplo</span> <span class='ocrx_word' id='word_1_15' title='bbox 263 615 349 689; x_wconf 82' lang='lat' dir='ltr'>utar,</span> <span class='ocrx_word' id='word_1_16' title='bbox 366 611 441 692; x_wconf 83' lang='lat' dir='ltr'>sine</span> <span class='ocrx_word' id='word_1_17' title='bbox 456 609 522 676; x_wconf 88' lang='lat' dir='ltr'>ulla</span> <span class='ocrx_word' id='word_1_18' title='bbox 536 609 716 698; x_wconf 84' lang='lat' dir='ltr'>voluptate,</span> <span class='ocrx_word' id='word_1_19' title='bbox 736 609 942 679; x_wconf 77' lang='lat' dir='ltr'>nihilominus</span> <span class='ocrx_word' id='word_1_20' title='bbox 958 611 1115 678; x_wconf 82' lang='lat' dir='ltr'>advitam</span> <span class='ocrx_word' id='word_1_21' title='bbox 1136 634 1266 680; x_wconf 89' lang='lat' dir='ltr'>conser-</span> 
     </span>
     <span class='ocr_line' id='line_1_5' title="bbox 69 711 1263 802; baseline 0.003 -26"><span class='ocrx_word' id='word_1_22' title='bbox 69 711 188 778; x_wconf 82' lang='lat' dir='ltr'>vandam</span> <span class='ocrx_word' id='word_1_23' title='bbox 203 717 295 782; x_wconf 89' lang='lat' dir='ltr'>esset</span> <span class='ocrx_word' id='word_1_24' title='bbox 314 711 499 780; x_wconf 88' lang='lat' dir='ltr'>bibendum.</span> <span class='ocrx_word' id='word_1_25' title='bbox 542 711 608 780; x_wconf 85' lang='lat' dir='ltr'>Sed</span> <span class='ocrx_word' id='word_1_26' title='bbox 628 712 792 800; x_wconf 81' lang='lat' dir='ltr'><strong>Epicurus</strong></span> <span class='ocrx_word' id='word_1_27' title='bbox 812 711 864 778; x_wconf 90' lang='lat' dir='ltr'>vel</span> <span class='ocrx_word' id='word_1_28' title='bbox 881 712 978 784; x_wconf 90' lang='lat' dir='ltr'>finem</span> <span class='ocrx_word' id='word_1_29' title='bbox 994 735 1067 780; x_wconf 90' lang='lat' dir='ltr'>esse</span> <span class='ocrx_word' id='word_1_30' title='bbox 1080 712 1263 802; x_wconf 77' lang='lat' dir='ltr'>philosophi</span> 
     </span>
     <span class='ocr_line' id='line_1_6' title="bbox 69 812 1267 906; baseline 0.005 -30"><span class='ocrx_word' id='word_1_31' title='bbox 69 812 252 902; x_wconf 80' lang='lat' dir='ltr'>voluptatem</span> <span class='ocrx_word' id='word_1_32' title='bbox 267 815 429 906; x_wconf 81' lang='lat' dir='ltr'>opinatur,</span> <span class='ocrx_word' id='word_1_33' title='bbox 456 813 512 899; x_wconf 92' lang='lat' dir='ltr'>qui</span> <span class='ocrx_word' id='word_1_34' title='bbox 528 836 595 880; x_wconf 93' lang='lat' dir='ltr'>rem</span> <span class='ocrx_word' id='word_1_35' title='bbox 609 815 752 882; x_wconf 87' lang='lat' dir='ltr'>divinam</span> <span class='ocrx_word' id='word_1_36' title='bbox 767 835 838 882; x_wconf 86' lang='lat' dir='ltr'>esse</span> <span class='ocrx_word' id='word_1_37' title='bbox 853 814 1008 894; x_wconf 82' lang='lat' dir='ltr'>affirmat,</span> <span class='ocrx_word' id='word_1_38' title='bbox 1030 836 1129 902; x_wconf 89' lang='lat' dir='ltr'>quum</span> <span class='ocrx_word' id='word_1_39' title='bbox 1149 838 1267 904; x_wconf 88' lang='lat' dir='ltr'>corpus</span> 
     </span>
     <span class='ocr_line' id='line_1_7' title="bbox 70 913 1267 1005; baseline 0.003 -23"><span class='ocrx_word' id='word_1_40' title='bbox 70 913 133 982; x_wconf 88' lang='lat' dir='ltr'>hene</span> <span class='ocrx_word' id='word_1_41' title='bbox 147 919 364 985; x_wconf 86' lang='lat' dir='ltr'>constitutum</span> <span class='ocrx_word' id='word_1_42' title='bbox 381 919 437 996; x_wconf 91' lang='lat' dir='ltr'>sit,</span> <span class='ocrx_word' id='word_1_43' title='bbox 452 920 487 984; x_wconf 91' lang='lat' dir='ltr'>et</span> <span class='ocrx_word' id='word_1_44' title='bbox 502 916 546 982; x_wconf 86' lang='lat' dir='ltr'>rit</span> <span class='ocrx_word' id='word_1_45' title='bbox 561 916 765 1005; x_wconf 85' lang='lat' dir='ltr'>exploratum</span> <span class='ocrx_word' id='word_1_46' title='bbox 778 917 828 982; x_wconf 88' lang='lat' dir='ltr'>ita</span> <span class='ocrx_word' id='word_1_47' title='bbox 840 918 997 986; x_wconf 82' lang='lat' dir='ltr'>futurum.</span> <span class='ocrx_word' id='word_1_48' title='bbox 1027 918 1150 986; x_wconf 88' lang='lat' dir='ltr'>Verum</span> <span class='ocrx_word' id='word_1_49' title='bbox 1165 919 1267 986; x_wconf 90' lang='lat' dir='ltr'>enim-</span> 
     </span>
    </p>
   </div>
   <div class='ocr_carea' id='block_1_4' title="bbox 72 1017 1399 1110">
    <p class='ocr_par' dir='ltr' id='par_1_4' title="bbox 72 1017 1399 1110">
     <span class='ocr_line' id='line_1_8' title="bbox 72 1017 1399 1110; baseline 0.005 -28"><span class='ocrx_word' id='word_1_50' title='bbox 72 1039 128 1084; x_wconf 81' lang='lat' dir='ltr'>raro</span> <span class='ocrx_word' id='word_1_51' title='bbox 140 1023 254 1086; x_wconf 87' lang='lat' dir='ltr'>contra</span> <span class='ocrx_word' id='word_1_52' title='bbox 276 1021 381 1088; x_wconf 87' lang='lat' dir='ltr'>carnis</span> <span class='ocrx_word' id='word_1_53' title='bbox 403 1017 620 1108; x_wconf 79' lang='lat' dir='ltr'>appetitiones</span> <span class='ocrx_word' id='word_1_54' title='bbox 640 1022 798 1108; x_wconf 90' lang='lat' dir='ltr'>perpetuo</span> <span class='ocrx_word' id='word_1_55' title='bbox 815 1041 1033 1108; x_wconf 81' lang='lat' dir='ltr'>repugnemus</span> <span class='ocrx_word' id='word_1_56' title='bbox 1058 1024 1203 1110; x_wconf 85' lang='lat' dir='ltr'>oportet,</span> <span class='ocrx_word' id='word_1_57' title='bbox 1230 1023 1270 1088; x_wconf 89' lang='lat' dir='ltr'>ut</span> <span class='ocrx_word' id='word_1_58' title='bbox 1398 1047 1399 1058; x_wconf 53' lang='lat'>¹</span> 
     </span>
    </p>
   </div>
   <div class='ocr_carea' id='block_1_5' title="bbox 71 1111 1269 1211">
    <p class='ocr_par' dir='ltr' id='par_1_5' title="bbox 71 1111 1269 1211">
     <span class='ocr_line' id='line_1_9' title="bbox 71 1111 1269 1211; baseline 0.008 -26"><span class='ocrx_word' id='word_1_59' title='bbox 71 1141 162 1205; x_wconf 73' lang='lat' dir='ltr'>paoem</span> <span class='ocrx_word' id='word_1_60' title='bbox 174 1121 426 1208; x_wconf 84' lang='lat' dir='ltr'>libertatemque</span> <span class='ocrx_word' id='word_1_61' title='bbox 441 1119 668 1208; x_wconf 79' lang='lat' dir='ltr'>adipiscemur.</span> <span class='ocrx_word' id='word_1_62' title='bbox 717 1120 758 1188; x_wconf 90' lang='lat' dir='ltr'>Id</span> <span class='ocrx_word' id='word_1_63' title='bbox 772 1121 859 1208; x_wconf 87' lang='lat' dir='ltr'>quod</span> <span class='ocrx_word' id='word_1_64' title='bbox 873 1123 972 1190; x_wconf 88' lang='lat' dir='ltr'>etiam</span> <span class='ocrx_word' id='word_1_65' title='bbox 987 1123 1212 1211; x_wconf 87' lang='lat' dir='ltr'>prudentiores</span> <span class='ocrx_word' id='word_1_66' title='bbox 1228 1111 1269 1194; x_wconf 76' lang='lat' dir='ltr'>er</span> 
     </span>
    </p>
   </div>
   <div class='ocr_carea' id='block_1_6' title="bbox 69 1220 1399 1314">
    <p class='ocr_par' dir='ltr' id='par_1_6' title="bbox 69 1220 1399 1314">
     <span class='ocr_line' id='line_1_10' title="bbox 69 1220 1399 1314; baseline 0.011 -30"><span class='ocrx_word' id='word_1_67' title='bbox 69 1220 249 1314; x_wconf 88' lang='lat' dir='ltr'>pbilosophis</span> <span class='ocrx_word' id='word_1_68' title='bbox 265 1229 301 1292; x_wconf 86' lang='lat' dir='ltr'>et</span> <span class='ocrx_word' id='word_1_69' title='bbox 314 1225 419 1314; x_wconf 87' lang='lat' dir='ltr'>poetis</span> <span class='ocrx_word' id='word_1_70' title='bbox 435 1224 624 1292; x_wconf 90' lang='lat' dir='ltr'>docuerunt.</span> <span class='ocrx_word' id='word_1_71' title='bbox 669 1223 756 1292; x_wconf 88' lang='lat' dir='ltr'>Sunt</span> <span class='ocrx_word' id='word_1_72' title='bbox 770 1225 910 1310; x_wconf 89' lang='lat' dir='ltr'>quidem,</span> <span class='ocrx_word' id='word_1_73' title='bbox 931 1225 1049 1310; x_wconf 90' lang='lat' dir='ltr'>quibus</span> <span class='ocrx_word' id='word_1_74' title='bbox 1064 1229 1178 1296; x_wconf 82' lang='lat' dir='ltr'>nostra</span> <span class='ocrx_word' id='word_1_75' title='bbox 1191 1228 1268 1297; x_wconf 90' lang='lat' dir='ltr'>doc·</span> <span class='ocrx_word' id='word_1_76' title='bbox 1398 1265 1399 1272; x_wconf 63' lang='lat'>.</span> 
     </span>
    </p>
   </div>
   <div class='ocr_carea' id='block_1_7' title="bbox 65 1322 1367 2848">
    <p class='ocr_par' dir='ltr' id='par_1_7' title="bbox 68 1322 1269 1621">
     <span class='ocr_line' id='line_1_11' title="bbox 68 1322 1269 1416; baseline 0.009 -29"><span class='ocrx_word' id='word_1_77' title='bbox 68 1322 137 1408; x_wconf 81' lang='lat' dir='ltr'>trina</span> <span class='ocrx_word' id='word_1_78' title='bbox 150 1325 210 1393; x_wconf 87' lang='lat' dir='ltr'>hac</span> <span class='ocrx_word' id='word_1_79' title='bbox 224 1327 267 1394; x_wconf 90' lang='lat' dir='ltr'>de</span> <span class='ocrx_word' id='word_1_80' title='bbox 281 1349 317 1393; x_wconf 92' lang='lat' dir='ltr'>re</span> <span class='ocrx_word' id='word_1_81' title='bbox 330 1327 427 1394; x_wconf 85' lang='lat' dir='ltr'>nimis</span> <span class='ocrx_word' id='word_1_82' title='bbox 443 1347 557 1396; x_wconf 85' lang='lat' dir='ltr'>serere</span> <span class='ocrx_word' id='word_1_83' title='bbox 571 1325 736 1396; x_wconf 86' lang='lat' dir='ltr'>videatur:</span> <span class='ocrx_word' id='word_1_84' title='bbox 759 1325 817 1392; x_wconf 89' lang='lat' dir='ltr'>sed</span> <span class='ocrx_word' id='word_1_85' title='bbox 830 1325 962 1394; x_wconf 90' lang='lat' dir='ltr'>iniustis</span> <span class='ocrx_word' id='word_1_86' title='bbox 978 1349 1105 1416; x_wconf 84' lang='lat' dir='ltr'>semper</span> <span class='ocrx_word' id='word_1_87' title='bbox 1117 1327 1164 1408; x_wconf 89' lang='lat' dir='ltr'>id,</span> <span class='ocrx_word' id='word_1_88' title='bbox 1179 1330 1269 1416; x_wconf 83' lang='lat' dir='ltr'>quod</span> 
     </span>
     <span class='ocr_line' id='line_1_12' title="bbox 68 1427 1269 1518; baseline 0.008 -28"><span class='ocrx_word' id='word_1_89' title='bbox 68 1429 108 1491; x_wconf 88' lang='lat' dir='ltr'>cst</span> <span class='ocrx_word' id='word_1_90' title='bbox 119 1449 266 1518; x_wconf 82' lang='lat' dir='ltr'>aequum,</span> <span class='ocrx_word' id='word_1_91' title='bbox 281 1429 333 1496; x_wconf 91' lang='lat' dir='ltr'>ins</span> <span class='ocrx_word' id='word_1_92' title='bbox 348 1451 421 1496; x_wconf 89' lang='lat' dir='ltr'>esse</span> <span class='ocrx_word' id='word_1_93' title='bbox 430 1429 559 1500; x_wconf 88' lang='lat' dir='ltr'>videtur</span> <span class='ocrx_word' id='word_1_94' title='bbox 571 1451 741 1500; x_wconf 86' lang='lat' dir='ltr'>summum.</span> <span class='ocrx_word' id='word_1_95' title='bbox 770 1427 836 1509; x_wconf 80' lang='lat' dir='ltr'>Qui</span> <span class='ocrx_word' id='word_1_96' title='bbox 845 1429 1013 1516; x_wconf 87' lang='lat' dir='ltr'>peccatum</span> <span class='ocrx_word' id='word_1_97' title='bbox 1025 1429 1269 1510; x_wconf 82' lang='lat' dir='ltr'>adamaverunt,</span> 
     </span>
     <span class='ocr_line' id='line_1_13' title="bbox 68 1529 1269 1621; baseline 0.007 -29"><span class='ocrx_word' id='word_1_98' title='bbox 68 1529 221 1598; x_wconf 81' lang='lat' dir='ltr'>veritatem</span> <span class='ocrx_word' id='word_1_99' title='bbox 236 1531 365 1600; x_wconf 88' lang='lat' dir='ltr'>habent.</span> <span class='ocrx_word' id='word_1_100' title='bbox 374 1530 566 1610; x_wconf 88' lang='lat' dir='ltr'>molestiam,</span> <span class='ocrx_word' id='word_1_101' title='bbox 583 1529 791 1600; x_wconf 85' lang='lat' dir='ltr'>severitatem</span> <span class='ocrx_word' id='word_1_102' title='bbox 807 1529 991 1608; x_wconf 85' lang='lat' dir='ltr'>saevitiam,</span> <span class='ocrx_word' id='word_1_103' title='bbox 1012 1551 1086 1598; x_wconf 92' lang='lat' dir='ltr'>eum</span> <span class='ocrx_word' id='word_1_104' title='bbox 1100 1555 1192 1614; x_wconf 83' lang='lat' dir='ltr'>vero,</span> <span class='ocrx_word' id='word_1_105' title='bbox 1213 1533 1269 1621; x_wconf 91' lang='lat' dir='ltr'>qui</span> 
     </span>
    </p>

    <p class='ocr_par' dir='ltr' id='par_1_8' title="bbox 65 1622 1367 2848">
     <span class='ocr_line' id='line_1_14' title="bbox 68 1622 1367 1722; baseline 0.008 -26"><span class='ocrx_word' id='word_1_106' title='bbox 68 1651 118 1696; x_wconf 89' lang='lat' dir='ltr'>non</span> <span class='ocrx_word' id='word_1_107' title='bbox 136 1637 251 1722; x_wconf 87' lang='lat' dir='ltr'>peccat</span> <span class='ocrx_word' id='word_1_108' title='bbox 264 1655 369 1722; x_wconf 89' lang='lat' dir='ltr'>neque</span> <span class='ocrx_word' id='word_1_109' title='bbox 390 1655 463 1700; x_wconf 87' lang='lat' dir='ltr'>cum</span> <span class='ocrx_word' id='word_1_110' title='bbox 482 1633 564 1722; x_wconf 87' lang='lat' dir='ltr'>ipsis</span> <span class='ocrx_word' id='word_1_111' title='bbox 591 1631 733 1700; x_wconf 81' lang='lat' dir='ltr'>trahitur</span> <span class='ocrx_word' id='word_1_112' title='bbox 758 1655 839 1711; x_wconf 87' lang='lat' dir='ltr'>una,</span> <span class='ocrx_word' id='word_1_113' title='bbox 864 1622 1158 1704; x_wconf 79' lang='lat' dir='ltr'>immisericordem.</span> <span class='ocrx_word' id='word_1_114' title='bbox 1203 1636 1270 1706; x_wconf 85' lang='lat' dir='ltr'>Sed</span> <span class='ocrx_word' id='word_1_115' title='bbox 1365 1623 1367 1631; x_wconf 38' lang='lat'><em>&#39;</em></span> 
     </span>
     <span class='ocr_line' id='line_1_15' title="bbox 68 1731 1268 1824; baseline 0.009 -28"><span class='ocrx_word' id='word_1_116' title='bbox 68 1731 264 1818; x_wconf 87' lang='lat' dir='ltr'>pulcherrima</span> <span class='ocrx_word' id='word_1_117' title='bbox 279 1735 441 1804; x_wconf 82' lang='lat' dir='ltr'>libertatis</span> <span class='ocrx_word' id='word_1_118' title='bbox 457 1735 655 1824; x_wconf 88' lang='lat' dir='ltr'>exemplaria</span> <span class='ocrx_word' id='word_1_119' title='bbox 675 1734 769 1803; x_wconf 93' lang='lat' dir='ltr'>nobis</span> <span class='ocrx_word' id='word_1_120' title='bbox 789 1735 957 1824; x_wconf 87' lang='lat' dir='ltr'>proposita</span> <span class='ocrx_word' id='word_1_121' title='bbox 977 1738 1116 1810; x_wconf 77' lang='lat' dir='ltr'>suntad</span> <span class='ocrx_word' id='word_1_122' title='bbox 1135 1737 1268 1807; x_wconf 87' lang='lat' dir='ltr'>imitan-</span> 
     </span>
     <span class='ocr_line' id='line_1_16' title="bbox 69 1831 1268 1928; baseline 0.012 -32"><span class='ocrx_word' id='word_1_123' title='bbox 69 1831 136 1902; x_wconf 88' lang='lat' dir='ltr'>dum.</span> <span class='ocrx_word' id='word_1_124' title='bbox 180 1837 340 1920; x_wconf 82' lang='lat' dir='ltr'>Quotidie</span> <span class='ocrx_word' id='word_1_125' title='bbox 370 1837 456 1906; x_wconf 90' lang='lat' dir='ltr'>enim</span> <span class='ocrx_word' id='word_1_126' title='bbox 475 1840 636 1924; x_wconf 78' lang='lat' dir='ltr'>martyres</span> <span class='ocrx_word' id='word_1_127' title='bbox 661 1839 738 1904; x_wconf 87' lang='lat' dir='ltr'>ante</span> <span class='ocrx_word' id='word_1_128' title='bbox 758 1835 869 1904; x_wconf 89' lang='lat' dir='ltr'>oculos</span> <span class='ocrx_word' id='word_1_129' title='bbox 889 1840 987 1918; x_wconf 87' lang='lat' dir='ltr'>sunt,</span> <span class='ocrx_word' id='word_1_130' title='bbox 1012 1839 1068 1928; x_wconf 93' lang='lat' dir='ltr'>qui</span> <span class='ocrx_word' id='word_1_131' title='bbox 1092 1843 1268 1921; x_wconf 84' lang='lat' dir='ltr'>torrentur,</span> 
     </span>
     <span class='ocr_line' id='line_1_17' title="bbox 72 1925 1270 2030; baseline 0.005 -24"><span class='ocrx_word' id='word_1_132' title='bbox 72 1935 253 2027; x_wconf 72' lang='lat' dir='ltr'>torquentur,</span> <span class='ocrx_word' id='word_1_133' title='bbox 269 1925 376 2030; x_wconf 73' lang='lat' dir='ltr'>cipite</span> <span class='ocrx_word' id='word_1_134' title='bbox 391 1942 595 2019; x_wconf 87' lang='lat' dir='ltr'>truncantur,</span> <span class='ocrx_word' id='word_1_135' title='bbox 619 1962 729 2007; x_wconf 89' lang='lat' dir='ltr'>omnes</span> <span class='ocrx_word' id='word_1_136' title='bbox 744 1939 845 2026; x_wconf 87' lang='lat' dir='ltr'>Legis</span> <span class='ocrx_word' id='word_1_137' title='bbox 867 1943 971 2020; x_wconf 88' lang='lat' dir='ltr'>metu,</span> <span class='ocrx_word' id='word_1_138' title='bbox 992 1942 1049 2030; x_wconf 91' lang='lat' dir='ltr'>qui</span> <span class='ocrx_word' id='word_1_139' title='bbox 1068 1941 1171 2010; x_wconf 88' lang='lat' dir='ltr'>veluti</span> <span class='ocrx_word' id='word_1_140' title='bbox 1184 1943 1270 2012; x_wconf 89' lang='lat' dir='ltr'>Pae·</span> 
     </span>
     <span class='ocr_line' id='line_1_18' title="bbox 74 2035 1271 2136; baseline 0.007 -30"><span class='ocrx_word' id='word_1_141' title='bbox 74 2035 194 2130; x_wconf 77' lang='lat' dir='ltr'>lugogus</span> <span class='ocrx_word' id='word_1_142' title='bbox 211 2066 270 2112; x_wconf 81' lang='lat' dir='ltr'>ecs</span> <span class='ocrx_word' id='word_1_143' title='bbox 298 2041 341 2108; x_wconf 88' lang='lat' dir='ltr'>ad</span> <span class='ocrx_word' id='word_1_144' title='bbox 362 2038 530 2112; x_wconf 85' lang='lat' dir='ltr'>Christum</span> <span class='ocrx_word' id='word_1_145' title='bbox 556 2041 708 2119; x_wconf 89' lang='lat' dir='ltr'>deduxit,</span> <span class='ocrx_word' id='word_1_146' title='bbox 741 2042 885 2108; x_wconf 81' lang='lat' dir='ltr'>exerciti.</span> <span class='ocrx_word' id='word_1_147' title='bbox 929 2043 977 2110; x_wconf 91' lang='lat' dir='ltr'>Hi</span> <span class='ocrx_word' id='word_1_148' title='bbox 996 2065 1073 2112; x_wconf 81' lang='lat' dir='ltr'>vero</span> <span class='ocrx_word' id='word_1_149' title='bbox 1094 2049 1188 2124; x_wconf 89' lang='lat' dir='ltr'>sunt,</span> <span class='ocrx_word' id='word_1_150' title='bbox 1214 2049 1271 2136; x_wconf 91' lang='lat' dir='ltr'>qui</span> 
     </span>
     <span class='ocr_line' id='line_1_19' title="bbox 71 2134 1272 2234; baseline 0.009 -28"><span class='ocrx_word' id='word_1_151' title='bbox 71 2143 163 2212; x_wconf 83' lang='lat' dir='ltr'>merito</span> <span class='ocrx_word' id='word_1_152' title='bbox 182 2134 230 2212; x_wconf 89' lang='lat' dir='ltr'>dii</span> <span class='ocrx_word' id='word_1_153' title='bbox 250 2142 473 2234; x_wconf 83' lang='lat' dir='ltr'>appellentur,</span> <span class='ocrx_word' id='word_1_154' title='bbox 503 2153 542 2212; x_wconf 90' lang='lat' dir='ltr'>ut</span> <span class='ocrx_word' id='word_1_155' title='bbox 561 2143 617 2234; x_wconf 90' lang='lat' dir='ltr'>qui</span> <span class='ocrx_word' id='word_1_156' title='bbox 636 2143 804 2230; x_wconf 82' lang='lat' dir='ltr'>voluptate</span> <span class='ocrx_word' id='word_1_157' title='bbox 825 2143 892 2210; x_wconf 88' lang='lat' dir='ltr'>sint</span> <span class='ocrx_word' id='word_1_158' title='bbox 912 2145 1109 2232; x_wconf 88' lang='lat' dir='ltr'>superiores,</span> <span class='ocrx_word' id='word_1_159' title='bbox 1137 2147 1272 2224; x_wconf 80' lang='lat' dir='ltr'>vincant</span> 
     </span>
     <span class='ocr_line' id='line_1_20' title="bbox 68 2244 1271 2336; baseline 0.009 -29"><span class='ocrx_word' id='word_1_160' title='bbox 68 2247 322 2326; x_wconf 86' lang='lat' dir='ltr'>perturbationes,</span> <span class='ocrx_word' id='word_1_161' title='bbox 336 2245 504 2332; x_wconf 88' lang='lat' dir='ltr'>sciantque</span> <span class='ocrx_word' id='word_1_162' title='bbox 513 2264 633 2326; x_wconf 87' lang='lat' dir='ltr'>eorum,</span> <span class='ocrx_word' id='word_1_163' title='bbox 644 2244 864 2335; x_wconf 84' lang='lat' dir='ltr'>quaefcciant,</span> <span class='ocrx_word' id='word_1_164' title='bbox 876 2249 1138 2336; x_wconf 88' lang='lat' dir='ltr'>unumquodque,</span> <span class='ocrx_word' id='word_1_165' title='bbox 1150 2253 1271 2330; x_wconf 66' lang='lat' dir='ltr'>munnio</span> 
     </span>
     <span class='ocr_line' id='line_1_21' title="bbox 67 2345 1268 2435; baseline 0.012 -30"><span class='ocrx_word' id='word_1_166' title='bbox 67 2345 195 2429; x_wconf 85' lang='lat' dir='ltr'>naiores,</span> <span class='ocrx_word' id='word_1_167' title='bbox 214 2349 384 2418; x_wconf 86' lang='lat' dir='ltr'>Gnostici:</span> <span class='ocrx_word' id='word_1_168' title='bbox 401 2348 670 2434; x_wconf 89' lang='lat' dir='ltr'>quemadmodum</span> <span class='ocrx_word' id='word_1_169' title='bbox 681 2347 879 2435; x_wconf 85' lang='lat' dir='ltr'>Apostolus:</span> <span class='ocrx_word' id='word_1_170' title='bbox 895 2349 951 2428; x_wconf 92' lang='lat' dir='ltr'>„in</span> <span class='ocrx_word' id='word_1_171' title='bbox 963 2373 1058 2418; x_wconf 89' lang='lat' dir='ltr'>carne</span> <span class='ocrx_word' id='word_1_172' title='bbox 1069 2375 1142 2420; x_wconf 90' lang='lat' dir='ltr'>oum</span> <span class='ocrx_word' id='word_1_173' title='bbox 1156 2355 1268 2434; x_wconf 83' lang='lat' dir='ltr'>simus,</span> 
     </span>
     <span class='ocr_line' id='line_1_22' title="bbox 66 2441 1270 2538; baseline 0.012 -30"><span class='ocrx_word' id='word_1_174' title='bbox 66 2441 164 2532; x_wconf 85' lang='lat' dir='ltr'>inquit,</span> <span class='ocrx_word' id='word_1_175' title='bbox 178 2477 248 2520; x_wconf 91' lang='lat' dir='ltr'>non</span> <span class='ocrx_word' id='word_1_176' title='bbox 264 2452 442 2520; x_wconf 87' lang='lat' dir='ltr'>secundum</span> <span class='ocrx_word' id='word_1_177' title='bbox 452 2473 578 2522; x_wconf 85' lang='lat' dir='ltr'>carnem</span> <span class='ocrx_word' id='word_1_178' title='bbox 594 2450 806 2516; x_wconf 87' lang='lat' dir='ltr'>militamus.“</span> <span class='ocrx_word' id='word_1_179' title='bbox 836 2449 929 2534; x_wconf 82' lang='lat' dir='ltr'>Quae</span> <span class='ocrx_word' id='word_1_180' title='bbox 940 2451 1043 2538; x_wconf 89' lang='lat' dir='ltr'>igitur</span> <span class='ocrx_word' id='word_1_181' title='bbox 1053 2456 1125 2522; x_wconf 88' lang='lat' dir='ltr'>aliis</span> <span class='ocrx_word' id='word_1_182' title='bbox 1137 2457 1270 2527; x_wconf 82' lang='lat' dir='ltr'>maximi</span> 
     </span>
     <span class='ocr_line' id='line_1_23' title="bbox 65 2551 1269 2646; baseline 0.01 -32"><span class='ocrx_word' id='word_1_183' title='bbox 65 2552 145 2632; x_wconf 87' lang='lat' dir='ltr'>pretii</span> <span class='ocrx_word' id='word_1_184' title='bbox 165 2577 241 2628; x_wconf 82' lang='lat' dir='ltr'>esse</span> <span class='ocrx_word' id='word_1_185' title='bbox 260 2555 428 2633; x_wconf 85' lang='lat' dir='ltr'>videntur,</span> <span class='ocrx_word' id='word_1_186' title='bbox 455 2553 506 2620; x_wconf 90' lang='lat' dir='ltr'>his</span> <span class='ocrx_word' id='word_1_187' title='bbox 527 2552 728 2619; x_wconf 88' lang='lat' dir='ltr'>abstinemus</span> <span class='ocrx_word' id='word_1_188' title='bbox 749 2551 896 2622; x_wconf 86' lang='lat' dir='ltr'>libenter.</span> <span class='ocrx_word' id='word_1_189' title='bbox 940 2555 1023 2622; x_wconf 90' lang='lat' dir='ltr'>Nam</span> <span class='ocrx_word' id='word_1_190' title='bbox 1039 2558 1198 2646; x_wconf 92' lang='lat' dir='ltr'>optimum</span> <span class='ocrx_word' id='word_1_191' title='bbox 1217 2559 1269 2628; x_wconf 89' lang='lat' dir='ltr'>dei</span> 
     </span>
     <span class='ocr_line' id='line_1_24' title="bbox 65 2645 1269 2745; baseline 0.015 -31"><span class='ocrx_word' id='word_1_192' title='bbox 65 2645 168 2724; x_wconf 88' lang='lat' dir='ltr'>donum</span> <span class='ocrx_word' id='word_1_193' title='bbox 192 2659 251 2726; x_wconf 89' lang='lat' dir='ltr'>est</span> <span class='ocrx_word' id='word_1_194' title='bbox 274 2655 499 2745; x_wconf 87' lang='lat' dir='ltr'>temperantia.</span> <span class='ocrx_word' id='word_1_195' title='bbox 528 2655 606 2720; x_wconf 83' lang='lat' dir='ltr'>.Pie</span> <span class='ocrx_word' id='word_1_196' title='bbox 631 2659 740 2722; x_wconf 88' lang='lat' dir='ltr'>autem</span> <span class='ocrx_word' id='word_1_197' title='bbox 766 2658 800 2722; x_wconf 93' lang='lat' dir='ltr'>et</span> <span class='ocrx_word' id='word_1_198' title='bbox 819 2659 915 2737; x_wconf 89' lang='lat' dir='ltr'>caute</span> <span class='ocrx_word' id='word_1_199' title='bbox 939 2659 1269 2741; x_wconf 81' lang='lat' dir='ltr'>accedereoonantes</span> 
     </span>
     <span class='ocr_line' id='line_1_25' title="bbox 65 2754 1221 2848; baseline 0.009 -28"><span class='ocrx_word' id='word_1_200' title='bbox 65 2754 189 2844; x_wconf 84' lang='lat' dir='ltr'>excipiet</span> <span class='ocrx_word' id='word_1_201' title='bbox 206 2781 275 2826; x_wconf 89' lang='lat' dir='ltr'>nos·</span> <span class='ocrx_word' id='word_1_202' title='bbox 284 2758 460 2846; x_wconf 89' lang='lat' dir='ltr'>benignum</span> <span class='ocrx_word' id='word_1_203' title='bbox 476 2779 514 2824; x_wconf 90' lang='lat' dir='ltr'>ac</span> <span class='ocrx_word' id='word_1_204' title='bbox 529 2779 627 2824; x_wconf 87' lang='lat' dir='ltr'>suave</span> <span class='ocrx_word' id='word_1_205' title='bbox 641 2756 754 2842; x_wconf 88' lang='lat' dir='ltr'>iugum</span> <span class='ocrx_word' id='word_1_206' title='bbox 769 2757 903 2826; x_wconf 90' lang='lat' dir='ltr'>Domini</span> <span class='ocrx_word' id='word_1_207' title='bbox 918 2781 937 2824; x_wconf 88' lang='lat' dir='ltr'>a</span> <span class='ocrx_word' id='word_1_208' title='bbox 951 2759 1014 2826; x_wconf 88' lang='lat' dir='ltr'>fide</span> <span class='ocrx_word' id='word_1_209' title='bbox 1029 2761 1063 2831; x_wconf 89' lang='lat' dir='ltr'>in</span> <span class='ocrx_word' id='word_1_210' title='bbox 1076 2761 1221 2848; x_wconf 62' lang='lat' dir='ltr'>fidem¹),</span> 
     </span>
    </p>
   </div>
   <div class='ocr_carea' id='block_1_8' title="bbox 59 2871 1268 3066">
    <p class='ocr_par' dir='ltr' id='par_1_9' title="bbox 59 2871 1268 3066">
     <span class='ocr_line' id='line_1_26' title="bbox 59 2871 1267 2964; baseline 0.01 -27"><span class='ocrx_word' id='word_1_211' title='bbox 59 2888 63 2898; x_wconf 87' lang='lat'>·</span> <span class='ocrx_word' id='word_1_212' title='bbox 115 2871 277 2964; x_wconf 79' lang='lat' dir='ltr'>Epicurus</span> <span class='ocrx_word' id='word_1_213' title='bbox 297 2879 408 2944; x_wconf 88' lang='lat' dir='ltr'>autem</span> <span class='ocrx_word' id='word_1_214' title='bbox 429 2879 464 2944; x_wconf 91' lang='lat' dir='ltr'>et</span> <span class='ocrx_word' id='word_1_215' title='bbox 478 2872 651 2962; x_wconf 77' lang='lat' dir='ltr'>Cyrenaici</span> <span class='ocrx_word' id='word_1_216' title='bbox 669 2873 766 2941; x_wconf 86' lang='lat' dir='ltr'>finem</span> <span class='ocrx_word' id='word_1_217' title='bbox 781 2897 854 2942; x_wconf 88' lang='lat' dir='ltr'>esse</span> <span class='ocrx_word' id='word_1_218' title='bbox 868 2877 981 2943; x_wconf 88' lang='lat' dir='ltr'>dicunt</span> <span class='ocrx_word' id='word_1_219' title='bbox 995 2877 1134 2946; x_wconf 90' lang='lat' dir='ltr'>iucunde</span> <span class='ocrx_word' id='word_1_220' title='bbox 1148 2880 1267 2960; x_wconf 87' lang='lat' dir='ltr'>vivere,</span> 
     </span>
     <span class='ocr_line' id='line_1_27' title="bbox 63 2972 1268 3066; baseline 0.01 -28"><span class='ocrx_word' id='word_1_221' title='bbox 63 2972 293 3066; x_wconf 87' lang='lat' dir='ltr'>perlectumque</span> <span class='ocrx_word' id='word_1_222' title='bbox 306 2979 426 3046; x_wconf 91' lang='lat' dir='ltr'>bonum</span> <span class='ocrx_word' id='word_1_223' title='bbox 441 2977 660 3066; x_wconf 85' lang='lat' dir='ltr'>voluptatem,</span> <span class='ocrx_word' id='word_1_224' title='bbox 682 2999 778 3063; x_wconf 88' lang='lat' dir='ltr'>quam</span> <span class='ocrx_word' id='word_1_225' title='bbox 792 2977 846 3044; x_wconf 93' lang='lat' dir='ltr'>ille</span> <span class='ocrx_word' id='word_1_226' title='bbox 866 2978 964 3044; x_wconf 84' lang='lat' dir='ltr'>etism</span> <span class='ocrx_word' id='word_1_227' title='bbox 984 2980 1019 3046; x_wconf 89' lang='lat' dir='ltr'>in</span> <span class='ocrx_word' id='word_1_228' title='bbox 1038 2981 1157 3048; x_wconf 88' lang='lat' dir='ltr'>doloris</span> <span class='ocrx_word' id='word_1_229' title='bbox 1176 3004 1268 3050; x_wconf 85' lang='lat' dir='ltr'>amo-</span> 
     </span>
    </p>
   </div>
   <div class='ocr_carea' id='block_1_9' title="bbox 64 3072 1399 3178">
    <p class='ocr_par' dir='ltr' id='par_1_10' title="bbox 64 3072 1399 3178">
     <span class='ocr_line' id='line_1_28' title="bbox 64 3072 1399 3178; baseline 0.008 -36"><span class='ocrx_word' id='word_1_230' title='bbox 64 3072 138 3146; x_wconf 76' lang='lat' dir='ltr'>tione</span> <span class='ocrx_word' id='word_1_231' title='bbox 150 3083 262 3170; x_wconf 92' lang='lat' dir='ltr'>ponit;</span> <span class='ocrx_word' id='word_1_232' title='bbox 284 3081 382 3168; x_wconf 89' lang='lat' dir='ltr'>idque</span> <span class='ocrx_word' id='word_1_233' title='bbox 402 3101 475 3146; x_wconf 83' lang='lat' dir='ltr'>esse</span> <span class='ocrx_word' id='word_1_234' title='bbox 489 3079 720 3167; x_wconf 86' lang='lat' dir='ltr'>expetendum,</span> <span class='ocrx_word' id='word_1_235' title='bbox 742 3079 829 3166; x_wconf 91' lang='lat' dir='ltr'>quod</span> <span class='ocrx_word' id='word_1_236' title='bbox 848 3102 907 3168; x_wconf 91' lang='lat' dir='ltr'>per</span> <span class='ocrx_word' id='word_1_237' title='bbox 927 3083 1143 3178; x_wconf 83' lang='lat' dir='ltr'>semetipsum</span> <span class='ocrx_word' id='word_1_238' title='bbox 1158 3083 1269 3152; x_wconf 74' lang='lat' dir='ltr'>habat</span> <span class='ocrx_word' id='word_1_239' title='bbox 1398 3111 1399 3120; x_wconf 53' lang='lat'>¹</span> 
     </span>
    </p>
   </div>
   <div class='ocr_carea' id='block_1_10' title="bbox 59 3175 1359 3480">
    <p class='ocr_par' dir='ltr' id='par_1_11' title="bbox 59 3175 1359 3480">
     <span class='ocr_line' id='line_1_29' title="bbox 64 3175 1285 3272; baseline 0.012 -32"><span class='ocrx_word' id='word_1_240' title='bbox 64 3175 97 3240; x_wconf 83' lang='lat' dir='ltr'>cd</span> <span class='ocrx_word' id='word_1_241' title='bbox 114 3181 268 3272; x_wconf 80' lang='lat' dir='ltr'>seipsum.</span> <span class='ocrx_word' id='word_1_242' title='bbox 312 3181 532 3269; x_wconf 87' lang='lat' dir='ltr'>Hieronymus</span> <span class='ocrx_word' id='word_1_243' title='bbox 547 3181 787 3270; x_wconf 86' lang='lat' dir='ltr'>Peripateticus</span> <span class='ocrx_word' id='word_1_244' title='bbox 803 3181 871 3248; x_wconf 91' lang='lat' dir='ltr'>sine</span> <span class='ocrx_word' id='word_1_245' title='bbox 886 3183 1037 3250; x_wconf 86' lang='lat' dir='ltr'>molestia</span> <span class='ocrx_word' id='word_1_246' title='bbox 1050 3187 1157 3254; x_wconf 84' lang='lat' dir='ltr'>rivere</span> <span class='ocrx_word' id='word_1_247' title='bbox 1171 3188 1268 3254; x_wconf 88' lang='lat' dir='ltr'>finem</span> <span class='ocrx_word' id='word_1_248' title='bbox 1283 3259 1285 3262; x_wconf 69' lang='grc'><strong>,</strong></span> 
     </span>
     <span class='ocr_line' id='line_1_30' title="bbox 64 3283 1359 3378; baseline 0.014 -38"><span class='ocrx_word' id='word_1_249' title='bbox 64 3295 125 3346; x_wconf 89' lang='lat' dir='ltr'>esse</span> <span class='ocrx_word' id='word_1_250' title='bbox 138 3286 316 3354; x_wconf 85' lang='lat' dir='ltr'>contendit.</span> <span class='ocrx_word' id='word_1_251' title='bbox 359 3285 522 3374; x_wconf 81' lang='lat' dir='ltr'>Epicurus</span> <span class='ocrx_word' id='word_1_252' title='bbox 543 3287 653 3352; x_wconf 89' lang='lat' dir='ltr'>autem</span> <span class='ocrx_word' id='word_1_253' title='bbox 668 3283 823 3350; x_wconf 87' lang='lat' dir='ltr'>virtutem</span> <span class='ocrx_word' id='word_1_254' title='bbox 837 3288 972 3374; x_wconf 90' lang='lat' dir='ltr'>propter</span> <span class='ocrx_word' id='word_1_255' title='bbox 988 3287 1190 3378; x_wconf 88' lang='lat' dir='ltr'>voluptatem</span> <span class='ocrx_word' id='word_1_256' title='bbox 1209 3290 1267 3357; x_wconf 89' lang='lat' dir='ltr'>de-</span> <span class='ocrx_word' id='word_1_257' title='bbox 1322 3310 1359 3319; x_wconf 79' lang='grc'><em>”</em></span> 
     </span>
     <span class='ocr_line' id='line_1_31' title="bbox 59 3373 1269 3480; baseline 0.007 -29"><span class='ocrx_word' id='word_1_258' title='bbox 59 3373 213 3466; x_wconf 63' lang='lat' dir='ltr'>‘ligandam</span> <span class='ocrx_word' id='word_1_259' title='bbox 229 3409 302 3456; x_wconf 89' lang='lat' dir='ltr'>esse</span> <span class='ocrx_word' id='word_1_260' title='bbox 316 3387 471 3478; x_wconf 87' lang='lat' dir='ltr'>opinatus</span> <span class='ocrx_word' id='word_1_261' title='bbox 483 3389 546 3455; x_wconf 84' lang='lat' dir='ltr'>est</span> <span class='ocrx_word' id='word_1_262' title='bbox 584 3385 651 3454; x_wconf 89' lang='lat' dir='ltr'>Sed</span> <span class='ocrx_word' id='word_1_263' title='bbox 664 3385 858 3454; x_wconf 90' lang='lat' dir='ltr'>Aristotelei</span> <span class='ocrx_word' id='word_1_264' title='bbox 871 3383 968 3454; x_wconf 83' lang='lat' dir='ltr'>finem</span> <span class='ocrx_word' id='word_1_265' title='bbox 982 3411 1055 3458; x_wconf 82' lang='lat' dir='ltr'>erse</span> <span class='ocrx_word' id='word_1_266' title='bbox 1069 3394 1269 3480; x_wconf 84' lang='lat' dir='ltr'>putaverunt</span> 
     </span>
    </p>
   </div>
   <div class='ocr_carea' id='block_1_11' title="bbox 65 3479 1399 3564">
    <p class='ocr_par' dir='ltr' id='par_1_12' title="bbox 65 3479 1399 3564">
     <span class='ocr_line' id='line_1_32' title="bbox 65 3479 1399 3564; baseline 0.01 -14"><span class='ocrx_word' id='word_1_267' title='bbox 65 3479 157 3555; x_wconf 78' lang='lat' dir='ltr'>vivere</span> <span class='ocrx_word' id='word_1_268' title='bbox 171 3491 351 3560; x_wconf 85' lang='lat' dir='ltr'>secundum</span> <span class='ocrx_word' id='word_1_269' title='bbox 373 3490 539 3560; x_wconf 81' lang='lat' dir='ltr'>virtutem.</span> <span class='ocrx_word' id='word_1_270' title='bbox 581 3488 611 3554; x_wconf 91' lang='lat' dir='ltr'>N</span> <span class='ocrx_word' id='word_1_271' title='bbox 612 3511 649 3554; x_wconf 90' lang='lat' dir='ltr'>eo</span> <span class='ocrx_word' id='word_1_272' title='bbox 665 3511 741 3556; x_wconf 90' lang='lat' dir='ltr'>vcro</span> <span class='ocrx_word' id='word_1_273' title='bbox 757 3489 859 3556; x_wconf 89' lang='lat' dir='ltr'>solam</span> <span class='ocrx_word' id='word_1_274' title='bbox 874 3489 1028 3560; x_wconf 87' lang='lat' dir='ltr'>virtutem</span> <span class='ocrx_word' id='word_1_275' title='bbox 1043 3495 1175 3562; x_wconf 88' lang='lat' dir='ltr'>reddere</span> <span class='ocrx_word' id='word_1_276' title='bbox 1190 3495 1267 3564; x_wconf 88' lang='lat' dir='ltr'>bea·</span> <span class='ocrx_word' id='word_1_277' title='bbox 1398 3505 1399 3510; x_wconf 75' lang='grc'>’</span> 
     </span>
    </p>
   </div>
   <div class='ocr_carea' id='block_1_12' title="bbox 63 3582 1267 3886">
    <p class='ocr_par' dir='ltr' id='par_1_13' title="bbox 63 3582 1267 3886">
     <span class='ocr_line' id='line_1_33' title="bbox 63 3582 1265 3682; baseline 0.011 -29"><span class='ocrx_word' id='word_1_278' title='bbox 63 3582 133 3654; x_wconf 80' lang='lat' dir='ltr'>lum.</span> <span class='ocrx_word' id='word_1_279' title='bbox 159 3595 330 3664; x_wconf 80' lang='lat' dir='ltr'>Accedant</span> <span class='ocrx_word' id='word_1_280' title='bbox 344 3596 492 3682; x_wconf 88' lang='lat' dir='ltr'>oportere</span> <span class='ocrx_word' id='word_1_281' title='bbox 506 3591 735 3670; x_wconf 74' lang='lat' dir='ltr'>valetud&#39;mem,</span> <span class='ocrx_word' id='word_1_282' title='bbox 751 3591 893 3672; x_wconf 83' lang='lat' dir='ltr'>divitias,</span> <span class='ocrx_word' id='word_1_283' title='bbox 909 3595 1055 3682; x_wconf 89' lang='lat' dir='ltr'>gloriam,</span> <span class='ocrx_word' id='word_1_284' title='bbox 1070 3591 1265 3666; x_wconf 82' lang='lat' dir='ltr'>libertatem.</span> 
     </span>
     <span class='ocr_line' id='line_1_34' title="bbox 65 3680 1266 3786; baseline 0.012 -32"><span class='ocrx_word' id='word_1_285' title='bbox 65 3680 267 3769; x_wconf 67' lang='lat' dir='ltr'>divisurum</span> <span class='ocrx_word' id='word_1_286' title='bbox 283 3696 423 3784; x_wconf 87' lang='lat' dir='ltr'>quidem,</span> <span class='ocrx_word' id='word_1_287' title='bbox 438 3717 521 3784; x_wconf 90' lang='lat' dir='ltr'>qnae</span> <span class='ocrx_word' id='word_1_288' title='bbox 535 3695 570 3774; x_wconf 87' lang='lat' dir='ltr'>in</span> <span class='ocrx_word' id='word_1_289' title='bbox 584 3696 727 3784; x_wconf 88' lang='lat' dir='ltr'>perfecto</span> <span class='ocrx_word' id='word_1_290' title='bbox 738 3690 908 3774; x_wconf 86' lang='lat' dir='ltr'>consistat,</span> <span class='ocrx_word' id='word_1_291' title='bbox 924 3695 1012 3762; x_wconf 90' lang='lat' dir='ltr'>haud</span> <span class='ocrx_word' id='word_1_292' title='bbox 1026 3699 1117 3786; x_wconf 82' lang='lat' dir='ltr'>gigni</span> <span class='ocrx_word' id='word_1_293' title='bbox 1128 3724 1193 3767; x_wconf 88' lang='lat' dir='ltr'>uno</span> <span class='ocrx_word' id='word_1_294' title='bbox 1203 3701 1266 3768; x_wconf 90' lang='lat' dir='ltr'>die.</span> 
     </span>
     <span class='ocr_line' id='line_1_35' title="bbox 65 3783 1267 3886; baseline 0.012 -30"><span class='ocrx_word' id='word_1_295' title='bbox 65 3783 163 3870; x_wconf 79' lang='lat' dir='ltr'>Quare</span> <span class='ocrx_word' id='word_1_296' title='bbox 176 3823 242 3870; x_wconf 88' lang='lat' dir='ltr'>non</span> <span class='ocrx_word' id='word_1_297' title='bbox 259 3797 356 3870; x_wconf 87' lang='lat' dir='ltr'>inerit</span> <span class='ocrx_word' id='word_1_298' title='bbox 369 3797 486 3866; x_wconf 88' lang='lat' dir='ltr'>heatus</span> <span class='ocrx_word' id='word_1_299' title='bbox 500 3819 591 3886; x_wconf 86' lang='lat' dir='ltr'>puer.</span> <span class='ocrx_word' id='word_1_300' title='bbox 634 3797 721 3872; x_wconf 80' lang='lat' dir='ltr'>Tota</span> <span class='ocrx_word' id='word_1_301' title='bbox 735 3797 845 3886; x_wconf 91' lang='lat' dir='ltr'>potius</span> <span class='ocrx_word' id='word_1_302' title='bbox 862 3796 1000 3875; x_wconf 87' lang='lat' dir='ltr'>hominis</span> <span class='ocrx_word' id='word_1_303' title='bbox 1021 3801 1091 3866; x_wconf 89' lang='lat' dir='ltr'>vita</span> <span class='ocrx_word' id='word_1_304' title='bbox 1105 3801 1147 3866; x_wconf 87' lang='lat' dir='ltr'>ad</span> <span class='ocrx_word' id='word_1_305' title='bbox 1162 3801 1267 3870; x_wconf 85' lang='lat' dir='ltr'>beati·</span> 
     </span>
    </p>
   </div>
   <div class='ocr_carea' id='block_1_13' title="bbox 64 3887 1313 4398">
    <p class='ocr_par' dir='ltr' id='par_1_14' title="bbox 64 3887 1313 4398">
     <span class='ocr_line' id='line_1_36' title="bbox 65 3887 1309 3990; baseline 0.013 -38"><span class='ocrx_word' id='word_1_306' title='bbox 65 3887 199 3969; x_wconf 80' lang='lat' dir='ltr'>tudinem</span> <span class='ocrx_word' id='word_1_307' title='bbox 212 3901 440 3990; x_wconf 82' lang='lat' dir='ltr'>scquirendam</span> <span class='ocrx_word' id='word_1_308' title='bbox 453 3919 536 3988; x_wconf 89' lang='lat' dir='ltr'>opus</span> <span class='ocrx_word' id='word_1_309' title='bbox 551 3922 635 3966; x_wconf 85' lang='lat' dir='ltr'>esse.</span> <span class='ocrx_word' id='word_1_310' title='bbox 660 3901 746 3966; x_wconf 89' lang='lat' dir='ltr'>Zeno</span> <span class='ocrx_word' id='word_1_311' title='bbox 758 3923 853 3988; x_wconf 88' lang='lat' dir='ltr'>porro</span> <span class='ocrx_word' id='word_1_312' title='bbox 869 3900 1000 3968; x_wconf 85' lang='lat' dir='ltr'>Stoicus</span> <span class='ocrx_word' id='word_1_313' title='bbox 1011 3901 1107 3968; x_wconf 89' lang='lat' dir='ltr'>finem</span> <span class='ocrx_word' id='word_1_314' title='bbox 1119 3901 1232 3980; x_wconf 86' lang='lat' dir='ltr'>similit</span> <span class='ocrx_word' id='word_1_315' title='bbox 1304 3925 1309 3938; x_wconf 93' lang='lat'>·</span> 
     </span>
     <span class='ocr_line' id='line_1_37' title="bbox 64 3989 1267 4084; baseline 0.003 -16"><span class='ocrx_word' id='word_1_316' title='bbox 64 3989 206 4074; x_wconf 62' lang='lat' dir='ltr'>definivit&lt;</span> <span class='ocrx_word' id='word_1_317' title='bbox 251 4001 428 4075; x_wconf 80' lang='lat' dir='ltr'>Cleanthes</span> <span class='ocrx_word' id='word_1_318' title='bbox 449 4006 652 4084; x_wconf 72' lang='lat' dir='ltr'>autemeum</span> <span class='ocrx_word' id='word_1_319' title='bbox 671 4024 744 4069; x_wconf 86' lang='lat' dir='ltr'>esse</span> <span class='ocrx_word' id='word_1_320' title='bbox 763 4005 900 4070; x_wconf 88' lang='lat' dir='ltr'>naturae</span> <span class='ocrx_word' id='word_1_321' title='bbox 918 4005 1145 4073; x_wconf 85' lang='lat' dir='ltr'>convenienter</span> <span class='ocrx_word' id='word_1_322' title='bbox 1158 4003 1267 4082; x_wconf 86' lang='lat' dir='ltr'>vivere</span> 
     </span>
     <span class='ocr_line' id='line_1_38' title="bbox 64 4091 1313 4193; baseline 0.005 -23"><span class='ocrx_word' id='word_1_323' title='bbox 64 4091 172 4174; x_wconf 74' lang='lat' dir='ltr'>docuit,</span> <span class='ocrx_word' id='word_1_324' title='bbox 200 4107 375 4178; x_wconf 74' lang='lat' dir='ltr'>.Similiter</span> <span class='ocrx_word' id='word_1_325' title='bbox 400 4103 579 4193; x_wconf 74' lang='lat' dir='ltr'>Antipater</span> <span class='ocrx_word' id='word_1_326' title='bbox 605 4108 640 4170; x_wconf 88' lang='lat' dir='ltr'>et</span> <span class='ocrx_word' id='word_1_327' title='bbox 667 4105 900 4176; x_wconf 85' lang='lat' dir='ltr'>Archedemus.</span> <span class='ocrx_word' id='word_1_328' title='bbox 942 4105 1121 4174; x_wconf 88' lang='lat' dir='ltr'>Panaetius</span> <span class='ocrx_word' id='word_1_329' title='bbox 1146 4110 1266 4188; x_wconf 79' lang='lat' dir='ltr'>eutem,</span> <span class='ocrx_word' id='word_1_330' title='bbox 1312 4128 1313 4140; x_wconf 59' lang='lat'>¹</span> 
     </span>
     <span class='ocr_line' id='line_1_39' title="bbox 66 4203 1266 4302; baseline 0.014 -41"><span class='ocrx_word' id='word_1_331' title='bbox 66 4203 189 4300; x_wconf 73' lang='lat' dir='ltr'>natiuae</span> <span class='ocrx_word' id='word_1_332' title='bbox 200 4207 454 4302; x_wconf 83' lang='lat' dir='ltr'>appetitionibus</span> <span class='ocrx_word' id='word_1_333' title='bbox 469 4207 697 4274; x_wconf 88' lang='lat' dir='ltr'>convenienter</span> <span class='ocrx_word' id='word_1_334' title='bbox 711 4207 818 4274; x_wconf 90' lang='lat' dir='ltr'>vivere</span> <span class='ocrx_word' id='word_1_335' title='bbox 837 4207 933 4275; x_wconf 92' lang='lat' dir='ltr'>finem</span> <span class='ocrx_word' id='word_1_336' title='bbox 948 4229 1021 4276; x_wconf 88' lang='lat' dir='ltr'>esse</span> <span class='ocrx_word' id='word_1_337' title='bbox 1036 4209 1164 4278; x_wconf 83' lang='lat' dir='ltr'>statuit.</span> <span class='ocrx_word' id='word_1_338' title='bbox 1184 4279 1186 4284; x_wconf 88' lang='lat'>.</span> <span class='ocrx_word' id='word_1_339' title='bbox 1201 4211 1266 4278; x_wconf 90' lang='lat' dir='ltr'>Po·</span> 
     </span>
     <span class='ocr_line' id='line_1_40' title="bbox 68 4297 1267 4398; baseline 0.005 -22"><span class='ocrx_word' id='word_1_340' title='bbox 68 4297 196 4381; x_wconf 73' lang='lat' dir='ltr'>sidonius</span> <span class='ocrx_word' id='word_1_341' title='bbox 210 4315 245 4382; x_wconf 89' lang='lat' dir='ltr'>in</span> <span class='ocrx_word' id='word_1_342' title='bbox 259 4336 298 4382; x_wconf 90' lang='lat' dir='ltr'>eo</span> <span class='ocrx_word' id='word_1_343' title='bbox 311 4313 407 4381; x_wconf 81' lang='lat' dir='ltr'>line&#39;m</span> <span class='ocrx_word' id='word_1_344' title='bbox 421 4310 529 4378; x_wconf 90' lang='lat' dir='ltr'>inesse</span> <span class='ocrx_word' id='word_1_345' title='bbox 548 4311 648 4390; x_wconf 83' lang='lat' dir='ltr'>dixit,</span> <span class='ocrx_word' id='word_1_346' title='bbox 668 4313 707 4378; x_wconf 88' lang='lat' dir='ltr'>ut</span> <span class='ocrx_word' id='word_1_347' title='bbox 727 4310 799 4398; x_wconf 92' lang='lat' dir='ltr'>quis</span> <span class='ocrx_word' id='word_1_348' title='bbox 815 4310 849 4376; x_wconf 92' lang='lat' dir='ltr'>in</span> <span class='ocrx_word' id='word_1_349' title='bbox 863 4309 951 4377; x_wconf 86' lang='lat' dir='ltr'>nulla</span> <span class='ocrx_word' id='word_1_350' title='bbox 969 4332 1005 4378; x_wconf 93' lang='lat' dir='ltr'>re</span> <span class='ocrx_word' id='word_1_351' title='bbox 1025 4311 1067 4379; x_wconf 88' lang='lat' dir='ltr'>ab</span> <span class='ocrx_word' id='word_1_352' title='bbox 1082 4335 1121 4382; x_wconf 87' lang='lat' dir='ltr'>ea</span> <span class='ocrx_word' id='word_1_353' title='bbox 1140 4313 1267 4382; x_wconf 87' lang='lat' dir='ltr'>animae</span> 
     </span>
    </p>
   </div>
   <div class='ocr_carea' id='block_1_14' title="bbox 69 4471 275 4500">
    <p class='ocr_par' dir='ltr' id='par_1_15' title="bbox 69 4471 275 4500">
     <span class='ocr_line' id='line_1_41' title="bbox 69 4471 275 4500; baseline 0.01 -8"><span class='ocrx_word' id='word_1_354' title='bbox 69 4471 252 4500; x_wconf 41' lang='lat' dir='ltr'>m</span> <span class='ocrx_word' id='word_1_355' title='bbox 269 4485 275 4494; x_wconf 70' lang='grc' dir='ltr'><strong>ι</strong></span> 
     </span>
    </p>
   </div>
   <div class='ocr_carea' id='block_1_15' title="bbox 112 4575 334 4677">
    <p class='ocr_par' dir='ltr' id='par_1_16' title="bbox 112 4575 334 4677">
     <span class='ocr_line' id='line_1_42' title="bbox 112 4575 334 4677; baseline -0.023 -11"><span class='ocrx_word' id='word_1_356' title='bbox 112 4593 138 4666; x_wconf 80' lang='lat'>¹)</span> <span class='ocrx_word' id='word_1_357' title='bbox 151 4617 173 4677; x_wconf 80' lang='lat' dir='ltr'>r.</span> <span class='ocrx_word' id='word_1_358' title='bbox 183 4575 334 4664; x_wconf 58' lang='lat' dir='ltr'>lslsstco.</span> 
     </span>
    </p>
   </div>
   <div class='ocr_carea' id='block_1_16' title="bbox 0 0 1420 5052">
    <p class='ocr_par' dir='ltr' id='par_1_17' title="bbox 0 0 1420 5052">
     <span class='ocr_line' id='line_1_43' title="bbox 0 0 1420 5052; baseline 0 1"><span class='ocrx_word' id='word_1_359' title='bbox 0 0 1420 5052; x_wconf 95' lang='lat' dir='ltr'> </span> 
     </span>
    </p>
   </div>
  </div>
 </body>
</html>
