2820 5052
759 349 823 426 2'08

186 553 284 619 etiam
299 549 409 632 doret3
430 547 640 634 nequeenim,
656 547 745 614 velut
758 547 906 616 doctrina
923 545 1076 624 hurna'na,
1097 542 1259 624 emoritur,
1277 567 1372 633 nequa,

186 657 227 721 ιιι
239 653 359 720 donum
379 649 584 728 imbecillum,
605 648 775 718 flaccescit.
818 645 966 736 Namque
983 647 1107 715 nullum
1126 647 1179 715 dei
1196 647 1309 716 donum
1325 649 1373 714 im·

139 765 146 776 '
186 753 351 831 becillum3
374 755 485 845 manet
498 775 557 818 nec
576 753 688 840 potest
706 749 879 842 prohiberi,
900 750 1030 821 etiamsi
1049 753 1206 840 perpetuo
1225 773 1373 840 passuram

107 846 114 854 ’
187 879 260 926 esse
275 877 345 922 earn
361 853 612 942 persecutiones,
628 853 829 942 praedictum
843 856 906 921 est.
949 851 1076 935 Quodsi
1096 875 1116 918 a
1130 851 1265 921 Platone
1278 857 1309 922 et
1320 853 1373 920 Da·

187 959 324 1026 mocrito
338 955 444 1044 poetis
460 955 587 1023 divinus
603 955 733 1042 quidem
747 955 877 1021 afflatus
897 955 1090 1034 vindicatur,
1112 977 1247 1042 quorum
1267 955 1374 1034 scimus,

163 1124 166 1132 ,
188 1058 297 1148 qualia
322 1061 401 1124 aunt
425 1057 528 1124 dicta:
552 1057 717 1146 quisnam,
743 1057 796 1124 dei
820 1057 1052 1147 omnipotentis
1075 1057 1250 1146 prophetas
1273 1059 1372 1124 instru-
1400 1057 1401 1120 i

187 1166 298 1228 menta
317 1159 418 1228 tuisse
436 1159 564 1226 ffirinae
583 1161 682 1238 vocis,
709 1159 842 1226 audiens
868 1160 1099 1249 obstupescet?
1122 1158 1273 1228 Gnostici
1295 1158 1375 1246 igitur

187 1267 342 1350 tanquam
363 1261 641 1329 adumbrationem
668 1261 899 1342 describentes,
926 1283 1084 1350 quaenam
1111 1261 1156 1330 sit
1180 1283 1301 1329 morum
1322 1261 1373 1326 eius

187 1353 380 1454 magnitudo
395 1368 430 1431 et
442 1363 660 1454 pulchritudo,
677 1363 888 1430 ostendimus.
923 1362 1039 1447 Qualis
1055 1367 1164 1432 autem
1186 1365 1234 1432 ait
1246 1365 1279 1431 in
1290 1385 1372 1430 rerun
1400 1365 1401 1458 ᾗ

68 1453 73 1466 ”
188 1467 384 1537 naturalium
404 1465 684 1555 contemplatione,
704 1469 829 1554 postea,
850 1487 950 1556 quum
970 1466 1011 1536 de
1024 1469 1100 1536 ortu
1113 1467 1228 1535 mundi
1241 1467 1373 1534 disserere
1400 1487 1401 1554 ι

188 1570 398 1662 coeperimus,
413 1567 741 1658 demonstrabitur).
758 1607 764 1616 ·

787 1743 836 1811 12.

397 1857 515 1926 Libri
538 1744 901 1950 Vllargunientum
921 1857 1187 1928 describatur.

252 1979 323 2047 lam
342 2001 438 2058 vero,
460 1979 564 2046 aolutn
588 2004 663 2049 vere
683 1981 736 2049 dei
760 1981 915 2048 cultorem
939 2001 1013 2047 esse
1036 1977 1239 2068 gnosticum,
1265 1977 1373 2046 Gmecis

188 2081 380 2152 ostendendi
395 2085 536 2170 tempus,
552 2087 591 2150 ut
605 2081 796 2173 philosophi,
812 2105 911 2170 quum
927 2081 1031 2170 qualis
1051 2103 1126 2148 vere
1140 2082 1187 2148 sit
1205 2081 1372 2150 christianus

187 2184 368 2262 didicerint,
384 2205 476 2250 suam
491 2184 829 2255 damnentinscitiam.
872 2184 1041 2252 Adversus
1062 2183 1270 2274 philosophos
1290 2186 1372 2249 auten

186 2283 450 2365 evidentioribus,
466 2287 571 2366 oredo,
586 2287 766 2354 rationibus
780 2290 913 2354 utamur
926 2289 1066 2374 oportet,
1081 2291 1120 2354 ut
1133 2309 1174 2354 ex
1186 2288 1372 2376 auaipsorun

187 2391 335 2458 doctrina
348 2387 518 2455 exercitati
532 2389 597 2455 iam
611 2389 741 2477 possint
751 2389 942 2476 intelligere,
955 2388 1101 2476 quamvis
1115 2389 1252 2478 seipsos,
1267 2389 1319 2477 qui
1326 2385 1372 2452 sint

188 2491 338 2560 credendi
356 2491 522 2559 facultatis
548 2491 741 2580 participes,
767 2491 910 2558 nondum
929 2490 1138 2578 praebuerint
1155 2493 1283 2581 dignos.
1319 2487 1345 2556 S.
1356 2509 1372 2550 ι.

149 2617 151 2627 ¹
187 2597 297 2662 antem
312 2593 482 2682 scripturis
497 2597 623 2682 postea,
638 2595 783 2682 tempore
797 2596 991 2682 opportuno,
1006 2596 1146 2674 utemur,
1162 2617 1245 2682 quas
1258 2589 1371 2662 interm.

78 2721 83 2731 ·
188 2693 422 2763 sacrationem
437 2694 567 2782 saepius
587 2697 871 2784 interrumpamus,
892 2695 1084 2762 omittimus.
1128 2695 1197 2764 sed
1216 2691 1372 2764 summatim

185 2801 427 2886 argumentum,
449 2793 735 2864 Christianismum
759 2797 1001 2865 adumbrantes
1020 2797 1246 2866 indicabimus.
1287 2796 1370 2880 Quum

187 2904 297 2968 autem
311 2899 514 2978 crediderint,
529 2899 602 2988 ipsa
616 2901 850 2990 scripturarum
864 2899 1051 2968 testimonia
1067 2901 1195 2970 abunde
1211 2887 1370 2969 referentur.

186 3003 361 3082 Attamen,
388 3001 517 3068 etiamsi
536 3025 601 3070 non
616 3005 729 3082 verba,
757 3002 935 3070 sententias
955 3025 1079 3071 exaa
1101 3003 1285 3094 scripturis,
1308 2995 1370 3066 unda

186 3104 294 3173 omnia
320 3104 443 3193 spirare
467 3107 503 3174 et
527 3105 635 3172 vivere
660 3105 794 3184 debent,
818 3105 1026 3173 adducemus.
1068 3105 1152 3173 Nam
1179 3105 1286 3174 beati
1308 3101 1372 3170 certe

188 3211 297 3288 sunt,
331 3208 397 3294 qui
425 3211 661 3278 scrutantur
686 3207 919 3274 testimonia
951 3174 1120 3278 Domini.
1174 3208 1230 3320 De
1255 3203 1371 3275 Domino

8 3309 10 3314 ’
75 3345 85 3350 -
187 3312 297 3377 autem
312 3311 534 3379 testimonium
549 3301 659 3378 ierunt
667 3308 745 3375 Lex
759 3312 794 3376 et
808 3309 1001 3399 Prophetae.

251 3411 317 3478 Est
334 3411 436 3500 igitur
454 3413 548 3479 nobis
569 3410 739 3479 ostendere
758 3413 971 3501 propositum,
997 3413 1101 3480 solum
1121 3409 1302 3501 gnosticum
1318 3421 1372 3472 esse

188 3517 337 3582 sanctum
357 3521 393 3581 at
412 3515 530 3582 colere
537 3515 633 3581 deum
654 3517 753 3604 prout
772 3515 882 3582 divina
899 3515 1048 3603 postulat
1061 3515 1227 3582 maiestas.
1269 3508 1372 3579 Huiu-

186 3617 273 3685 modi
288 3619 443 3684 autem'
414 3641 463 3686 ιιι
477 3621 512 3686 et
531 3641 550 3685 a
570 3619 630 3685 deo
651 3620 795 3695 amatur,
815 3617 850 3684 et
869 3617 992 3683 amat
981 3639 1078 3707 rpse
1079 3617 1185 3685 deum.
1230 3603 1372 3698 Quidquid

66 3751 74 3758 ·
186 3737 264 3808 ergo
280 3724 332 3787 cat
346 3719 515 3800 excellens,
529 3721 566 3786 id
579 3743 709 3811 prog
653 3721 709 3788 dic
711 3719 814 3788 nitate
829 3724 941 3788 censet
951 3713 1187 3794 honorandum
1210 3716 1284 3786 etin
1297 3713 1371 3782 rebus

187 3823 327 3913 quidem,
349 3843 432 3910 quae
452 3823 513 3890 sub
531 3847 669 3894 sensus
665 3825 831 3902 caudunt,
856 3823 1097 3890 honorandos
1084 3842 1157 3890 esse
1181 3817 1371 3909 magistratu

186 3928 338 4016 parentes
353 3947 543 4011 omnemque
564 3927 735 4006 seniorem3
757 3927 792 3992 iu
811 3925 858 3992 eis
878 3930 998 4004 autem,
1019 3947 1102 4013 quae
1122 3925 1286 4000 docentur,
1306 3912 1371 3985 auti·

187 4025 375 4115 quissimam
406 4025 641 4118 philosophiam
671 4033 706 4096 et
736 4027 993 4096 vetustissimam
1022 4027 1241 4117 prophetiam
1278 4023 1310 4090 in
1334 4015 1371 4084 hit

187 4131 318 4208 autem,
344 4151 427 4216 quae
445 4134 554 4197 luente
574 4131 807 4220 percipiuntur,
831 4131 866 4196 id
885 4132 970 4218 quod
990 4129 1197 4218 generatione
1219 4131 1269 4196 est
1281 4126 1371 4194 retur-

186 4233 265 4311 tius,
285 4235 431 4321 tempore
451 4255 564 4300 carens
585 4237 620 4301 et
638 4232 796 4322 principio
815 4234 1041 4322 primitiasque
1059 4253 1178 4310 eorum,
1198 4252 1278 4318 quae
1301 4221 1370 4295 sunt

185 4334 317 4413 Filium,
332 4357 430 4422 aquo
445 4335 568 4406 discere
589 4340 719 4425 oportet
740 4357 881 4417 causam,
902 4359 985 4424 quae
1006 4339 1059 4402 est
1078 4359 1177 4426 supra
1195 4331 1279 4400 hunc
1295 4345 1370 4394 ιιιιιιι·

186 4436 273 4518 dum‚
293 4437 516 4507 universorum
536 4439 746 4560 Patrem,ve
705 4439 973 4520 vetustissimam,
999 4437 1142 4507 omnium
1170 4423 1370 4552 beneticentit·

185 4575 394 4592 ω’

153 4689 155 4696 ⁴
241 4661 265 4732 ι)
283 4661 430 4722 ιιι-ιιι.
