2820 5052
86 509 90 524 ⁸
140 520 241 587 etiem
256 515 447 604 inquirenda
461 515 604 602 cognitio
618 513 688 580 eius
704 514 961 582 aoouratissima
987 511 1099 600 Neque
1109 469 1267 599 ogdoadae
1279 533 1344 599 pro·

140 625 215 712 pter
228 619 345 687 herhas
360 617 493 683 inutiles
509 641 528 682 a
543 617 674 684 cultura
689 618 857 685 abstinent
870 617 1046 684 hortorum.
1087 615 1160 682 Ima
1173 613 1270 680 herba
1282 613 1345 678 inu·

139 723 208 790 tilis
223 721 337 787 utitem
357 721 468 806 magni
489 721 662 786 aestimare
683 721 788 790 docet.
832 720 988 786 Haeresis
1008 723 1118 786 autem
1136 716 1346 804 agnoseendae
1398 783 1399 796 ,

132 847 214 892 rere
242 821 391 890 veritatis
412 821 548 908 praebet
572 824 861 911 opportunitatem.
912 820 1050 890 Graecis
1074 843 1152 908 ergo
1173 817 1278 884 inanis
1303 815 1346 881 hio
1398 837 1399 900 p

138 928 348 1017 praetextum
372 924 613 990 exeusationem
636 929 744 992 autem
761 923 829 990 sine
848 923 974 991 ratione
995 927 1106 990 manet
1124 919 1290 988 damnatio
1305 919 1345 984 iu·

139 1027 325 1096 exorabilis.
373 1025 439 1092 Sed
454 1027 653 1114 quaestionis
669 1027 766 1092 cardo
780 1047 866 1094 nune
881 1029 1020 1093 vertitur
1029 1027 1063 1092 in
1075 1022 1347 1096 demonstratione,
1398 1091 1399 1104 q

139 1125 670 1218 quaverumaialsosegregomus.
692 1124 1346 1216 TolluntneigiturGraeoidemonstratio·

139 1255 223 1310 nem,
236 1255 279 1297 an
289 1253 361 1297 esse
372 1231 572 1297 concedunt?
590 1231 724 1306 Omnes,
737 1232 842 1309 oredo,
854 1253 925 1296 eam
938 1229 1347 1317 esseooneessurospraeter

130 1315 206 1413 eos,
229 1333 285 1419 qui
300 1334 398 1399 etiam
415 1355 529 1399 sensus
546 1332 676 1399 tollunt.
721 1335 780 1402 Sin
792 1338 900 1400 autern
916 1332 961 1400 sit
969 1334 1216 1409 demonstratio,
1228 1331 1346 1424 deseeu·

139 1437 254 1504 damus
265 1436 307 1501 ad
318 1438 524 1526 quaestiones
536 1457 668 1502 neeesse
679 1439 741 1514 est,
759 1439 803 1514 et,
819 1435 1104 1526 quomodo'iapsae
1119 1435 1187 1502 sint
1200 1432 1346 1507 haereses,
1398 1501 1399 1536 ,

139 1561 181 1607 ex
194 1538 276 1627 ipsis
293 1561 319 1604 s.
334 1561 357 1605 s.
374 1538 544 1627 seripturis
565 1537 839 1604 demonstratione
860 1538 1039 1616 diseamns3
1066 1542 1259 1624 contraque,
1279 1555 1346 1626 quo·
1398 1549 1399 1590 t

138 1643 235 1710 modo
249 1643 283 1706 in
300 1640 368 1706 sola
383 1643 521 1707 veritate
537 1641 722 1731 etantiqua
741 1640 877 1707 ecelesia
896 1641 1132 1730 patientissima
1152 1639 1201 1706 sit
1219 1635 1347 1724 eoguitio

139 1749 174 1812 et
187 1743 331 1810 haeresis
347 1743 470 1830 optima
484 1763 606 1810 revera.
651 1741 717 1826 Qui
732 1746 841 1810 autem
855 1743 1019 1828 declinant
1038 1765 1058 1808 a
1072 1743 1227 1818 veritate,
1248 1740 1345 1804 horum

140 1847 196 1914 alii
218 1847 343 1932 seipsos
364 1849 510 1923 tantum,
540 1844 595 1910 alii
615 1864 692 1910 vero
716 1845 881 1934 proximos
907 1867 1035 1936 quoque
1056 1833 1217 1911 adnantur
1241 1841 1346 1908 tallere.

140 1953 254 2040 Atque
272 1947 318 2013 illi
333 1948 461 2038 quidem
474 1947 654 2032 taitoopor,
678 1947 746 2044 eive
757 1948 916 2036 'opinione
932 1955 991 2016 sua
1002 1948 1187 2038 sapientes,
1217 1945 1272 2036 qui
1290 1943 1345 2008 sine

140 2053 207 2119 ulla
223 2051 499 2142 demonstratione
513 2069 590 2118 vera
604 2049 774 2116 veritatem
787 2073 822 2118 se
833 2051 996 2118 invenisse
1006 2051 1142 2139 ideoque
1153 2047 1345 2138 aequiesoen·

141 2155 218 2221 dum
236 2153 298 2220 sibi
313 2174 386 2218 esse
401 2151 618 2227 exsistimant,
638 2153 762 2239 seipsos
778 2153 953 2242 deripiunt,
975 2175 1111 2242 quorum
1129 2173 1197 2218 non
1215 2150 1270 2216 est
1287 2167 1345 2235 par·

140 2279 201 2323 vus
213 2277 378 2332 numerus,
391 2255 446 2344 qui
457 2259 491 2320 et
502 2253 709 2342 quaestiones
720 2247 893 2332 declinant,
908 2276 949 2321 ne
960 2255 1180 2332 confutentur,
1196 2257 1231 2320 et
1240 2247 1344 2318 doetri-

140 2381 216 2425 nam
231 2358 349 2434 vitant,
375 2375 416 2420 ne
431 2356 692 2422 condemnentur.
737 2356 824 2423 Sunt
842 2361 951 2424 autem
973 2357 1044 2435 alii,
1066 2357 1160 2424 valde
1180 2356 1214 2422 hi
1234 2351 1345 2443 quidem

140 2459 255 2536 astuti,
278 2459 335 2548 qui
350 2457 392 2523 ad
411 2457 634 2544 decipiendum
654 2457 860 2539 aecedentes,
882 2459 1029 2549 quamvis
1050 2455 1130 2550 qnid
1148 2459 1277 2526 valeant
1293 2473 1345 2520 non

139 2563 309 2650 ignorent,
335 2557 557 2647 probabilibus
578 2561 779 2645 argumentis
799 2561 976 2628 obscurant
993 2559 1175 2628 veritatem.
1219 2554 1345 2627 Aliaest

141 2667 251 2731 autem
267 2683 308 2728 ex
321 2685 394 2728 mea
409 2661 539 2751 quidem
555 2661 717 2727 sententia
731 2662 945 2751 probabilium
957 2667 1222 2751 argumentorum
1233 2661 1344 2732 natura,

142 2757 392 2833 verorum'alia.
443 2761 553 2845 Quare
578 2763 732 2830 haeretiei
754 2765 882 2833 soholae
904 2767 1016 2855 potius
1041 2767 1169 2834 auidam
1194 2760 1344 2854 praesunt,

69 2881 73 2916 ἑ
144 2889 241 2959 quam
259 2867 466 2934 constituunt
480 2865 698 2951 ecelesiam).

209 2970 305 3054 Quae
320 2973 419 3059 quum
434 2969 482 3034 ita
492 2957 569 3046 sint,
581 2967 734 3036 laboriosi
746 2989 899 3060 quaerere
909 2993 973 3037 non
984 2970 1124 3047 oessent,
1139 2969 1217 3037 dum
1229 2991 1268 3036 ex
1278 2961 1344 3053 ipsis

143 3073 314 3162 seripturis
333 3071 504 3138 veritatem
519 3071 771 3142 demonstrando
784 3071 978 3160 receperint.
1022 3071 1183 3138 Introitus
1205 3074 1306 3142 autem
1317 3065 1343 3128 in

142 3179 307 3254 aeternam
322 3175 463 3261 quietem
477 3176 657 3242 aretusest
670 3176 705 3239 et
718 3173 822 3240 multo
832 3175 964 3240 tandem
978 3171 1088 3240 labore
1102 3175 1257 3262 aperitur.
1291 3164 1343 3249 Qui

140 3279 243 3365 igitur
257 3273 299 3341 ad
313 3275 527 3362 Evangelium
543 3277 725 3364 arcesserit,
745 3276 774 3342 is
789 3297 831 3342 ne
844 3281 952 3343 retro
973 3280 1234 3344 eonvertatur
1253 3269 1344 3340 sieut

11 3419 13 3430 =
139 3401 239 3448 uxor
259 3376 381 3466 Loth,
404 3377 500 3442 need
514 3378 651 3464 priorem
667 3379 769 3444 vitam
784 3379 933 3446 sensibus
948 3377 1091 3444 deditam
1105 3377 1343 3456 recurreram

141 3481 365 3549 adhaereres.
416 3477 493 3560 Qui
521 3479 622 3544 enim
650 3479 805 3567 diligit,
834 3481 883 3548 ait
910 3480 1089 3558 Dominus,
1126 3485 1275 3570 patrem
1294 3468 1342 3540 vel

140 3583 306 3652 matre'm
328 3580 419 3668 plus
443 3600 556 3668 quam
577 3603 646 3658 me,
669 3583 724 3672 qui
741 3603 812 3648 snm
827 3605 902 3648 vere
917 3587 1011 3670 pater
1024 3587 1060 3648 et
1073 3581 1221 3650 veritatis
1236 3579 1341 3646 deuter,

126 3687 197 3776 qui
211 3705 366 3772 regenero
380 3685 415 3748 et
430 3703 553 3760 reoreo,
569 3683 661 3750 foveo
676 3687 710 3750 et
725 3684 775 3750 alo
789 3685 929 3750 animam
950 3683 1102 3766 eleatem,
1125 3683 1279 3775 nonest
1296 3695 1342 3742 me

140 3789 303 3876 dignus,
327 3787 366 3850 ut
381 3786 425 3851 sit
440 3785 492 3852 dei
506 3785 602 3863 filius,
625 3785 676 3852 dei
694 3787 888 3875 discipulus,
912 3787 1090 3877 quinetiam
1108 3787 1232 3854 ¹amiens
1250 3785 1281 3849 et
1298 3797 1340 3843 eo·

141 3895 273 3978 gnatus.
300 3887 367 3953 Sed
380 3889 646 3976 quemadmodum
655 3890 771 3969 Maria,
787 3890 934 3979 quamvis
950 3890 1112 3980 pepererit
1122 3889 1233 3966 filium,
1248 3888 1340 3952 tamen

141 3991 264 4058 mansit
275 3991 383 4076 virgo:
404 3990 456 4055 ita
476 3991 574 4056 etiam
599 3993 778 4080 scripturae
795 3993 986 4060 Dominieae
1005 3994 1176 4060 veritatem
1197 3984 1339 4080 parientes

57 4103 64 4161 5
140 4089 1045 4182 virgineemanentmysteriorumveritatisoeonltationess
1062 4091 1338 4182 Peperitetnon

140 4196 320 4286 peperit,
350 4195 399 4260 ait
415 4195 594 4285 Scriptura,
624 4200 663 4264 ut
682 4221 765 4287 quae
780 4219 885 4274 exse,
907 4219 973 4264 non
987 4219 1027 4264 ex
1042 4196 1261 4282 eoniuqotione
1274 4205 1337 4254 ooa-

140 4300 271 4390 oeperit.
307 4297 526 4380 Quamobrem
538 4300 697 4386 gnosticis
709 4300 837 4391 quidem
850 4304 1066 4388 conceperunt
1077 4301 1260 4389 seriptum,
1270 4305 1336 4378 (tw

140 4401 291 4471 haereses
301 4401 492 4488 ignorantes
505 4403 661 4492 tanquam
672 4401 799 4470 steriles
807 4402 969 4490 ablegant.
981 4401 1196 4492 Eat-quidem
1204 4389 1335 4466 iudicium

143 4541 344 4554 hm-

199 4623 224 4690 ¹)
242 4622 426 4693 esar-esa
525 4698 528 4702 ¹
