2972 5048
562 329 704 402 'l'l

82 528 207 598 sabaha
219 525 334 594 decori
340 543 471 602 sensus,
482 525 658 614 custosque
668 523 723 589 illa
735 522 877 592 omnium
890 522 1049 590 virtutum
1057 525 1263 593 verecundia¹
1271 533 1294 614 ).

77 633 125 699 m
147 630 290 720 denique
311 649 438 694 morum
459 627 513 692 est
533 624 741 712 integritate,
765 628 805 690 ut
827 627 940 710 sancto
962 625 1100 715 quodam
1124 627 1241 714 spiritu
1261 629 1297 700 in
1387 618 1396 642 ²

77 733 213 820 scriptis
227 731 297 797 eine
312 727 470 794 affiemur.
514 728 564 794 At
583 747 675 805 vero,
699 730 947 816 quantacunque
967 733 1019 794 est
1038 729 1249 797 sanctimonia
1264 737 1299 800 et
1420 787 1428 808 ,,

76 835 211 924 pictate,
233 832 316 898 nihil
328 835 440 896 tamen
454 832 587 917 praeter
603 829 749 906 modum,
771 829 852 897 nihil
865 829 1072 918 intemperati
1093 831 1127 896 in
1145 853 1184 914 co
1203 856 1296 922 repe-

79 937 152 1006 ries.
195 934 262 1002 Dei
276 955 386 1000 amore
400 933 520 1018 flagrat
529 930 830 1010 ¹vehementissime,
853 955 913 998 nec
928 955 1004 998 vero
1019 933 1088 998 sine
1102 934 1297 1020 cognitionis

79 1037 214 1114 lumine3
238 1036 424 1122 σωφροσύνη
441 1033 640 1100 admirabilis
654 1033 710 1098 illa
724 1032 759 1098 in
773 1032 922 1099 omnibus
938 1035 1005 1100 dux
1026 1035 1095 1101 eius
1113 1044 1296 1124 apparet2).

56 1137 61 1152 ³
76 1140 128 1206 lta
142 1139 249 1227 igitur
264 1139 471 1224 comparatus
486 1139 585 1225 atque
605 1135 647 1200 ad
664 1134 820 1200 sinceram
835 1134 950 1200 beatae
967 1137 1131 1204 doctrinae
1146 1141 1297 1208 traditio-

74 1265 149 1309 nem
179 1240 427 1330 propagandam
455 1236 730 1304 instructissimus
756 1259 786 1302 a.
820 1238 879 1303 189
907 1237 1036 1304 scholae
1056 1239 1297 1310 Alexandrinae
1370 1241 1373 1248 ’

74 1346 177 1433 caput
191 1341 324 1410 exstitit
340 1340 422 1406 satis
436 1339 580 1426 dignum.
610 1338 738 1421 Quodsi
751 1341 787 1404 et
802 1337 938 1404 scientia
950 1344 985 1406 ct
997 1341 1067 1406 rita
1079 1343 1227 1423 idoneus,
1242 1347 1298 1435 qui

74 1447 165 1514 illam
181 1447 323 1531 regeret,
344 1441 527 1517 videbatur,
558 1443 703 1506 attamen
718 1439 862 1530 dignitas
884 1443 1113 1508 auctoritatem
1134 1445 1204 1512 eius
1224 1471 1298 1536 per-

77 1549 164 1616 facit.
187 1545 262 1614 Nisi
274 1543 359 1615 euim
370 1542 500 1630 egregie
512 1541 616 1618 fallor}
626 1541 691 1608 iam
701 1543 772 1610 tum
784 1545 855 1608 erat
865 1543 1037 1632 presbyter
1047 1544 1299 1618 Alexandrinus.
1417 1603 1425 1620 .

80 1649 178 1732 Quod
192 1647 270 1714 inde
284 1643 417 1732 colligo,
440 1644 526 1734 quod
541 1643 649 1710 omnia
664 1665 762 1734 opera
777 1644 817 1710 ab
833 1667 871 1711 eo
883 1645 1006 1733 scripta
1020 1667 1092 1713 esse
1107 1649 1299 1738 presbytero

77 1748 348 1820 verisimillimam
362 1749 423 1814 est.
466 1745 508 1811 In
528 1745 733 1834 Protreptioo
749 1745 880 1836 quidem
895 1747 967 1836 ipse
989 1771 1025 1814 se
1045 1757 1195 1818 numerat
1213 1747 1300 1820 inter
1394 1783 1401 1792 ·
1480 1777 1481 1790 ¹

78 1853 247 1940 legitimos
262 1850 405 1918 omnium
419 1848 585 1916 homiuum
603 1848 714 1916 vitae
729 1848 909 1934 aurigas,
931 1851 1034 1938 quod,
1050 1853 1113 1918 nisi
1128 1855 1300 1943 presbyter

80 1955 152 2020 iam
165 1953 396 2032 tueritnsseio
409 1951 571 2048 quomodo
584 1951 691 2038 possit
702 1949 873 2040 explicari-*2
881 1952 906 2038 ).
941 1951 1174 2042 Pasdagogum
1190 1961 1300 2028 autem

86 2079 107 2120 a
123 2053 286 2122 Clemente
300 2055 544 2144 presbytero
559 2053 773 2141 compositum
790 2074 872 2132 esse,
887 2054 1095 2121 manifestum
1110 2061 1172 2124 est.
1216 2059 1300 2128 Nam
1403 2067 1412 2081 “

4 2149 5 2152 “
81 2157 163 2224 nihil
176 2157 226 2223 his
236 2157 345 2225 verbis
356 2155 452 2244 primi
463 2157 563 2224 Paeti.
577 2154 653 2222 libri
665 2156 826 2244 apertius:
842 2155 1031 2235 ‚‚Past0res,
1046 2157 1161 2248 inquit,
1175 2183 1299 2239 sumus,

78 2259 292 2326 ecclesiarum
304 2261 403 2326 duces
419 2259 460 2324 ad
475 2257 552 2324 boni
563 2258 710 2324 Pastoris
731 2257 921 2348 imaginem
944 2283 1002 2327 vos
1023 2263 1132 2328 autem
1152 2267 1300 2350 oves“⁴).

77 2361 253 2432 Stromata
266 2383 344 2430 vero
358 2365 437 2450 post
449 2353 638 2448 Paedagogi
653 2359 752 2428 libros
768 2359 879 2428 edidit.
1119 2359 1124 2370 “

660 2531 717 2617 aa.

99 2634 189 2720 Quo
211 2655 312 2703 anuo
335 2629 580 2698 Alexandria
601 2630 827 2698 decesserit
842 2653 1038 2722 nunquam
1059 2626 1278 2704 rediturus.

144 2754 214 2824 scd
228 2751 462 2844 Clemens‚'qui
473 2751 694 2844 ipsiusaetate
705 2754 815 2840 parem
828 2752 990 2820 doctorem
1005 2754 1121 2822 habuit
1130 2757 1301 2836 neminem,

76 2855 273 2948 aequalibus
288 2853 523 2922 etcbristiahis
535 2856 572 2919 et
590 2853 728 2920 ethnicis
743 2837 927 2932 uberrimus
945 2857 1113 2922 doctrinae
1132 2863 1231 2948 atque
1248 2883 1302 2926 sa-

76 2961 158 3030 lutis
175 2959 252 3026 fons
268 2956 401 3044 agnitus
414 2959 475 3023 est.
518 2955 635 3044 Itaque
657 2955 766 3022 schola
781 2955 987 3024 celeberrima
998 2981 1056 3044 per
1070 2961 1223 3026 tredecim
1239 2962 1302 3026 oir-

82 3064 161 3130 citer
175 3083 282 3130 annos
295 3059 336 3126 ab
348 3082 387 3126 eo
402 3061 491 3124 recta
501 3056 536 3124 in
548 3057 617 3122 dies
628 3056 733 3144 magis
743 3057 896 3134 florescit,
912 3059 1030 3124 crescit
1042 3055 1303 3140 Christianorum
1320 3067 1322 3071 ’

88 3187 238 3234 numerus
255 3185 296 3228 ex
309 3159 522 3228 nobilissimis
536 3157 798 3248 doctissimisque
813 3159 949 3226 ethnicis
965 3167 1091 3228 auctus.
1121 3161 1302 3253 Postquam

83 3270 191 3334 autem
205 3264 286 3334 inde
302 3263 343 3330 ab
358 3287 388 3330 a.
404 3263 463 3330 189
479 3262 531 3330 vel
545 3264 605 3328 190
619 3283 724 3351 usquc
738 3261 780 3326 ad
794 3283 913 3326 annum
928 3264 992 3328 203
1002 3265 1127 3330 muneri
1138 3266 1303 3354 praeclaro

77 3370 240 3458 praefuit,
270 3364 401 3454 scriptis
421 3365 586 3444 omnihus,
608 3385 694 3455 quae
718 3366 851 3430 exstant
870 3365 1038 3452 operibus,
1068 3368 1303 3454 persecutionis
1339 3449 1344 3464 .

78 3471 203 3542 Severo
218 3471 312 3537 ortae
325 3467 520 3555 imperatore
533 3468 712 3558 periculum
723 3467 887 3534 declinans
903 3468 1103 3535 Alexandria
1117 3471 1259 3538 decessit
1273 3491 1302 3538 a.

76 3578 143 3644 203
155 3573 342 3658 ineuntef).
386 3566 487 3636 Certe
506 3570 636 3660 quidem
654 3569 685 3636 ei
703 3569 891 3636 felicissimo
908 3569 1031 3637 invisae
1046 3571 1211 3659 religionis
1226 3595 1302 3663 pro-

73 3676 234 3768 pagatori
250 3695 339 3740 mors
361 3671 551 3740 imminebat
563 3673 782 3740 Alexandriae
795 3674 985 3740 remanenti.
1030 3672 1097 3746 Sed
1111 3677 1305 3741 cur‘temere

74 3783 219 3848 mortem
243 3777 333 3846 obire
352 3774 508 3855 noluerit,
536 3797 668 3844 causam
693 3775 764 3864 ipse
782 3775 922 3862 ingenue
941 3767 1073 3847 latetur.
1118 3775 1165 3843 Et
1185 3780 1304 3864 marty-

138 4037 164 4105 ¹)
183 4053 210 4104 p.
222 4035 286 4092 225.
298 4037 401 4088 reniam
410 4037 480 4102 petit,
498 4039 565 4102 qnod
577 4037 610 4088 ad
623 4035 766 4086 auditorum
778 4035 913 4086 utilitatem
926 4037 1012 4100 decis,
1029 4046 1138 4102 qaorum
1156 4037 1251 4102 pudeat
1261 4051 1305 4103 par

77 4141 114 4189 se,
133 4125 264 4190 loquatur.
298 4121 446 4176 Cuiusmodi
458 4121 633 4174 excusationes
645 4137 696 4172 non
710 4135 783 4171 rarae
795 4127 860 4175 suut.
912 4150 917 4156 ι

137 4207 165 4276 ²)
182 4203 213 4260 ld
226 4209 319 4273 optime
331 4209 436 4276 discitur
448 4224 480 4259 ex
493 4209 537 4270 eis,
555 4223 620 4274 quae
635 4207 728 4260 Strom.
736 4206 754 4258 l.
764 4204 803 4256 ΙΙΙ
815 4208 846 4256 de
858 4208 1012 4257 continentia
1023 4208 1134 4272 praebet.
1147 4234 1181 4246 -

146 4293 173 4356 ⁸)
190 4293 275 4348 Protr.
287 4309 312 4358 p.
323 4293 365 4351 ta.
379 4291 413 4346 22
430 4310 485 4360 sqq.
502 4295 540 4344 ita
558 4293 670 4344 ethnicos
685 4292 833 4359 alloquiturr
856 4285 929 4354 Τοὺς
939 4283 1067 4360 ἡνιόχους
1082 4284 1159 4360 ὑμῶν
1174 4289 1225 4344 τοῦ
1241 4291 1305 4362 βίον

71 4371 160 4448 ἡμᾶς
173 4373 378 4440 ἐπιποθοῦντες
389 4417 396 4432 .
409 4409 423 4430 .-
430 4414 522 4432 .....
540 4370 753 4446 ὑπολαμβάνετε.
766 4395 791 4430 κ.
803 4393 827 4428 τ.
842 4377 864 4428 t.

143 4463 169 4530 ⁴)
187 4464 268 4518 Pacu.
281 4465 301 4519 1.
313 4480 339 4531 p.
353 4462 411 4520 llo.
424 4463 541 4518 28-302
559 4459 767 4532 Εἴοεποιμένες
785 4455 865 4530 ἐσμὲν
883 4459 911 4516 ot
926 4460 981 4513 τῶν
1002 4456 1150 4528 ἐκκλησιῶν
1166 4453 1303 4528 aucupari·

73 4565 168 4622 μενοι
180 4541 237 4602 κατ’
253 4543 347 4604 εἰκόνα
357 4547 410 4601 τοῦ
420 4543 533 4617 ἀγαθοῦ
544 4548 682 4620 ποιμένος·
694 4543 729 4604 ad
741 4544 772 4605 di
782 4538 911 4619 πρόβοπα
922 4539 1006 4616 ὑμεῖς.

144 4631 169 4702 ³)
184 4635 279 4690 hareb.
293 4637 319 4693 h.
334 4649 356 4691 s.
368 4633 416 4689 Vl.
435 4637 459 4690 1.
472 4635 532 4690 ett.
1021 4694 1025 4700 ,
