2820 5052
648 289 849 390 „sm

140 475 261 544 tionem
272 473 513 566 perveniamus3
530 473 649 566 quique
659 473 754 542 deum
768 473 953 544 honorando
967 472 1144 544 efficiemur
1153 470 1334 540 nobiscausa

143 579 260 648 solutis
270 576 476 668 'quaerimus3
498 600 564 644 non
579 600 599 644 a
614 577 781 668 sophistis,
803 579 859 644 sed
874 577 915 645 ab
930 578 1003 666 ipso
1016 576 1076 642 deo
1091 575 1196 642 edocti
1210 575 1335 666 eiusque,

141 681 228 770 quod
242 682 374 768 gratum
389 678 496 758 ester,
513 680 697 766 cognitione
706 680 837 748 umbutr
854 680 940 770 quod
951 681 1074 748 iustum
1086 681 1148 758 est,
1164 677 1247 768 quod
1258 699 1335 773 sane

141 785 224 862 tum,
244 783 279 849 id
292 783 399 850 facere
413 782 631 870 aggredimur.
675 781 772 850 Salus
788 785 896 848 autem
917 804 958 848 ex
977 784 1047 850 eius
1062 781 1230 848 voluntate
1243 777 1335 868 acqui-

139 884 225 953 ritur
238 883 320 952 bene
335 884 461 972 agendo
475 886 510 950 et
528 885 766 974 cognoscendo3
781 883 873 950 cuius
888 869 1058 972 utiiusque
1071 881 1227 970 magister
1239 878 1337 946 Domi-

140 1009 214 1056 nus
259 985 327 1053 Sed
342 1009 441 1104 quum
455 1009 476 1052 a
490 985 573 1053 deo
563 1007 648 1074 rpso,
669 989 708 1053 ut
721 986 852 1054 Platoni
862 986 980 1075 placet
1000 984 1171 1053 veritetem
1185 982 1338 1056 discamus
1390 991 1391 1080 t

142 1111 192 1169 ea,
208 1111 292 1180 quae
307 1088 347 1154 ad
363 1088 533 1156 veritatem
553 1087 779 1154 inveniendam
794 1088 964 1168 adiuvant,
983 1109 1048 1154 non
1066 1085 1139 1154 ideo
1161 1087 1238 1152 sunt
1250 1081 1338 1152 reiici-
1390 1081 1392 1160 ἰ

143 1191 237 1258 enda
281 1189 360 1280 Ipsa
374 1193 462 1257 certe
476 1190 694 1280 philosophia,
716 1213 799 1282 quae
817 1177 952 1258 nunciat
971 1188 1224 1280 providentiam,
1241 1185 1340 1254 beatae
1392 1224 1393 1266 ι

141 1293 230 1360 vitoe
243 1293 545 1372 remunerationem,
560 1293 696 1360 miserae
709 1292 912 1384 supplicium,
929 1289 1113 1360 summatim
1128 1292 1251 1358 tractat
1263 1290 1340 1356 theo·
1393 1340 1394 1392 q

140 1394 273 1482 logiam.
317 1393 524 1485 Quamquam
538 1395 740 1464 accuratiora
754 1399 789 1462 et
804 1393 933 1482 singula
946 1416 1010 1462 non
1024 1393 1165 1471 invenit,
1190 1390 1341 1460 velutidei
1394 1458 1395 1486 ¹

52 1531 58 1538 ·
141 1497 274 1576 Filium,
296 1498 520 1586 providentiae
537 1499 750 1584 οἰκονομίαν,
741 1523 763 1564 ι.
779 1519 805 1564 e
822 1467 1077 1586 redemptionem
1092 1518 1191 1562 sensu
1206 1493 1341 1590 generali,

19 1644 22 1657 ·
141 1623 207 1669 non
221 1601 323 1668 novit.
370 1599 476 1667 Simili
496 1601 606 1666 autem
620 1600 715 1667 modo
729 1600 878 1670 haereses
899 1600 1092 1690 generaliter
1110 1601 1240 1666 tantum
1259 1618 1342 1664 unum
1395 1589 1396 1602 ³

141 1703 240 1770 deum
255 1704 290 1769 et
305 1700 477 1770 Christum
492 1701 670 1788 quendam,
690 1725 755 1772 non
769 1706 880 1770 tamen
893 1705 1034 1782 certum,
1063 1722 1159 1792 quem
1174 1690 1397 1791 prophetiae

140 1803 348 1900 praedicunt,
363 1803 536 1872 celebrant.
580 1804 769 1886 Quinetiam
783 1806 839 1896 qui
855 1807 942 1897 opud
961 1826 1020 1872 nos
1036 1803 1192 1870 mandata
1210 1825 1274 1870 non
1289 1823 1343 1870 ser·
1397 1806 1398 1850 l

142 1910 232 1986 vent,
249 1911 328 1976 sunt
342 1910 456 1974 contra
469 1928 539 1975 nos.
583 1905 677 1990 Quae
697 1911 776 1976 sunt
795 1908 897 1995 igitur
908 1908 1032 2000 capita,
1060 1906 1140 1974 haec
1159 1905 1272 1973 eadem
1291 1902 1345 1972 sint
1398 1922 1399 1978 ι

144 2032 285 2100 semper3
308 2012 343 2078 in
364 2009 501 2098 singulis
517 2010 626 2076 autem
640 2009 718 2077 licet
731 2009 869 2078 Paulum
884 2011 1030 2078 imitatos
1050 2031 1280 2126 nonnunquam
1296 2027 1344 2074 nos
1399 2040 1400 2098 q

68 2159 70 2172 ·
142 2112 292 2204 aliquid
277 2115 413 2182 aliorum
429 2111 545 2188 salutis
560 2134 659 2179 causa
674 2113 863 2180 condonare.
908 2111 975 2194 Qui
990 2133 1065 2178 vero
1079 2110 1114 2178 in
1128 2110 1401 2218 principalibus

143 2187 310 2295 labuntui,
325 2215 370 2294 hi,
386 2215 493 2302 quoad
508 2213 592 2280 ab
564 2215 690 2282 ersfieri
704 2218 826 2334 potest,
841 2216 1018 2284 Dominum
1028 2214 1180 2282 reiicinnt
1194 2213 1345 2282 auferunt-

143 2339 207 2406 que
221 2339 330 2386 veram
344 2317 479 2386 Domini
493 2315 683 2396 doctrinam,
704 2321 743 2384 ut
758 2317 813 2408 qui
827 2339 892 2386 non
906 2327 965 2408 pr'o
985 2317 1038 2384 dei
1053 2319 1086 2384 et
1101 2316 1236 2386 Domini
1255 2313 1403 2448 digni·

142 2421 214 2488 tate
229 2421 407 2510 scripturas
419 2419 606 2508 intelligant
626 2422 661 2486 et
679 2419 823 2486 tradant.
867 2419 955 2488 Sunt
973 2423 1061 2488 certe
1075 2441 1180 2511 neque
1194 2387 1403 2510 prophetia

78 2543 81 2549 ⁴
143 2544 250 2610 neque
270 2524 342 2612 ipse
365 2522 524 2590 Servator
540 2523 610 2586 tem
629 2524 742 2610 aperte
756 2522 862 2590 locuti
882 2523 992 2610 dimna
1007 2523 1181 2611 mysteria,
1211 2526 1251 2590 ιιι
1268 2518 1347 2588 facile
1403 2504 1404 2596 l

144 2646 217 2714 capr
207 2623 405 2712 possenta
419 2622 628 2714 quibuslibet,
649 2624 708 2690 sed
722 2603 976 2692 disseruerunt
966 2649 1001 2692 ιιι
1014 2625 1191 2714 parabolis,
1210 2627 1298 2696 cuius
1310 2621 1347 2690 rei

143 2727 236 2816 ipsae
250 2729 354 2794 testes
372 2729 450 2794 sunt
465 2748 491 2792 s.
508 2747 534 2792 ι.
551 2723 751 2814 Scripturas.
794 2728 845 2794 Δι
858 2732 1071 2804 verorecta
1097 2733 1195 2796 sunt
1219 2727 1346 2802 omnia,

144 2828 240 2896 aiunt
255 2827 455 2920 Scripturas,
477 2850 607 2896 coram
627 2828 694 2908 eis,
716 2829 782 2922 qui
802 2830 1058 2918 intelligunt,
1085 2830 1107 2896 i.
1126 2853 1154 2900 e.
1175 2853 1283 2902 cotem
1300 2827 1347 2916 eit

144 2932 201 3020 qui
214 2931 328 3020 regula
342 2932 561 3000 ecclesiastica
575 2935 723 3014 utuntur,
747 2951 830 3020 quee
847 2933 1000 3000 consistit
1012 2933 1047 3000 in
1061 2938 1220 3002 concentu
1234 2955 1272 3002 ac
1284 2953 1348 3000 con·

146 3035 295 3103 censione
315 3035 417 3125 Legis
445 3034 745 3126 Prophetarumqne
770 3059 843 3102 cum
872 3057 956 3104 ιιοιο
981 3035 1116 3102 Domini
1140 3035 1348 3129 Testamenta

146 3138 215 3206 Sed
233 3138 346 3206 multis
366 3161 409 3204 ex
428 3138 536 3206 causis
562 3138 670 3206 occult
655 3141 729 3206 tant
755 3139 943 3228 Scripturas
969 3139 1175 3206 sententiam
1219 3139 1348 3208 Primum

145 3239 286 3328 quidem,
300 3241 340 3306 ιιι
349 3239 541 3328 diligenter
532 3261 744 3328 mqusramus
760 3264 990 3330 semperquern
1002 3241 1214 3330 intelligenda
1229 3235 1350 3311 salutari

145 3341 317 3428 vigilemus
329 3341 489 3408 doctrina.
532 3343 651 3410 Altera
662 3345 772 3410 autem
783 3366 882 3412 causa
896 3346 958 3422 est,
973 3346 1022 3424 ut,
1039 3367 1095 3432 qm
1085 3345 1214 3412 fraudi
1229 3342 1350 3414 sintde·

138 3443 220 3528 diti,
235 3465 290 3510 eos
305 3443 413 3532 fugiat
424 3465 550 3512 sensus.
579 3443 742 3512 Dominus
757 3449 867 3516 eutem
881 3447 1056 3514 humanam
1069 3451 1221 3524 naturam
1231 3430 1350 3534 recepit,

34 3572 36 3576 ·
146 3546 415 3634 tabe1s,quae
430 3549 507 3616 sunt
524 3545 620 3614 huius
635 3547 746 3614 mundi
761 3549 946 3637 caduntque
961 3549 1022 3618 sub
1038 3573 1164 3628 sensus,
1189 3543 1351 3618 deduceret

146 3650 190 3718 ad
217 3648 289 3726 illa,
310 3670 392 3740 quae
412 3651 520 3716 mente
540 3650 864 3739 comprehenduntur.
907 3652 1025 3738 Itaque
1046 3653 1208 3742 scriptura
1237 3666 1351 3738 quoquo

146 3774 227 3821 usus
243 3753 296 3818 est
310 3760 515 3838 μιτοιφιριιῇ.
549 3753 627 3820 Huc
640 3755 783 3844 pertinet
797 3753 961 3843 parabola,
977 3778 1060 3841 quae
1073 3755 1196 3845 proprii
1211 3752 1349 3822 similitu·

148 3852 223 3922 dine
238 3853 280 3920 ad
294 3853 460 3942 proprium
481 3854 639 3943 perducit.
683 3855 743 3924 Eis
763 3860 888 3936 autem,
914 3858 969 3947 qui
988 3879 1054 3926 non
1072 3857 1274 3946 intelligunt,
1288 3853 1350 3920 tote

18 3955 19 3962 '
147 3955 283 4026 Domini
298 3956 456 4042 οἰκονομία
471 3955 625 4045 parabola
639 3961 758 4026 manet.
802 3956 886 4024 Nam
900 3957 977 4028 Filii
985 3959 1044 4026 dei
1060 3959 1250 4037 incarnatio,
1265 3972 1349 4044 quam

148 4061 277 4138 vocant,
293 4057 429 4146 virginis
444 4061 661 4149 conceptione,
677 4059 798 4150 passio,
813 4061 1008 4128 resurrectio
1022 4062 1184 4130 ludaeis
1206 4059 1349 4149 quidem

150 4160 396 4240 scandalum,
424 4159 592 4230 Graecis
617 4165 749 4230 autem
773 4161 959 4231 stultitia
986 4168 1056 4232 est
1099 4165 1234 4234 Atvero
1249 4159 1353 4246 Scrip-x

148 4266 243 4332 turae
265 4266 397 4354 apertae
417 4263 497 4332 illud
511 4264 630 4354 ipsum,
651 4265 739 4356 quod
755 4287 847 4344 caro,
872 4288 969 4352 quam
990 4270 1170 4358 susceperit
1189 4263 1349 4336 Dominus,

148 4389 248 4458 passa
263 4367 317 4442 sit,
344 4365 405 4433 dei
426 4367 620 4434 virtutem
640 4371 681 4436 et
700 4369 940 4459 sapientiam
961 4390 1033 4436 esse
1052 4371 1218 4438 nunciamt
1257 4365 1347 4434 Para·

36 4491 41 4504 ’
151 4469 232 4536 bolis
248 4473 358 4538 autem
372 4467 425 4535 usi
446 4470 524 4534 sunt
543 4471 578 4537 et
591 4469 780 4560 Prophetae·
793 4475 828 4538 et
847 4471 1008 4538 Dominus
1029 4475 1064 4539 et
1085 4471 1181 4540 huius
1201 4459 1347 4554 discipuli,

150 4571 207 4662 qui
220 4593 331 4640 omnes
345 4570 601 4662 persecutionem
620 4573 711 4662 passi
726 4575 804 4642 sunt
822 4575 858 4642 et
876 4577 1029 4654 ιιιοιιιιιι,
1058 4573 1187 4644 etiamsi
1204 4560 1346 4640 munio
