2830 5052
633 349 676 416 ⁷3

112 536 205 605 Ama
218 535 324 624 igitur
335 539 370 605 et
379 538 471 606 vaste
480 533 629 614 molliori,
640 537 680 603 ut
693 533 997 624 omnisrepetans
1012 553 1109 606 unam
1124 530 1266 620 optimae

63 637 132 706 ritae
143 659 383 732 componamus
397 637 581 727 imaginem,
595 661 662 705 non
675 639 805 706 omnino
820 642 873 704 ast
882 635 1121 713 abstinendum,
1141 633 1199 701 sed
1208 635 1266 709 ‚ni-

63 742 240 808 miaaarum
251 763 359 807 rarum
374 741 483 808 studia
493 741 637 818 vitanda,
652 741 743 806 nsad
754 740 882 806 mollem
891 741 993 807 vitam
1004 738 1266 822 luxuriosamque

62 844 340 932 transgrediamur.
375 842 723 932 Paedagogus'autem
739 843 882 910 adiuvat
897 869 900 876 ⁴
915 839 1031 909 ¹Vestis
1046 863 1124 928 argo
1140 839 1184 905 sit
1197 841 1266 904 iru-

66 946 143 1032 gslis,
157 945 235 1012 albo
251 935 511 1036 qmdem⁸oolore
539 946 623 1014 Num
638 945 725 1012 siout
738 945 861 1022 militis,
882 947 1012 1022 nautae,
1026 939 1194 1032 principis,
1215 941 1265 1008 ila

67 1047 783 1138 edsmviritemperantispropriaestvestie,
809 1044 1267 1134 minimequeeaartidoiosius

64 1149 227 1229 elaborata,
250 1150 309 1216 aad
324 1151 451 1231 deeora,
470 1150 601 1218 munda.
645 1149 780 1234 Vestitu
799 1169 877 1236 ergo
895 1169 960 1214 non
982 1147 1142 1238 serpentis
1162 1147 1268 1214 instar

46 1253 153 1332 ,varim
169 1255 266 1320 totus
281 1273 302 1318 a
316 1253 435 1342 ospitis
447 1254 569 1320 vestiae
583 1252 625 1318 ad
639 1254 801 1318 extremos
824 1251 923 1340 pedes
949 1251 1025 1318 dum
1046 1249 1203 1316 candidus
1217 1237 1268 1324 es,

60 1356 138 1422 varia
158 1375 292 1442 qnoque
310 1355 430 1422 mantis
452 1356 619 1423 affectione
640 1352 806 1438 neglecta,
836 1375 936 1418 unum
955 1351 1105 1418 raritatis
1130 1351 1270 1420 eolorem

61 1457 263 1524 adamaveris.
306 1456 361 1522 Ita
374 1455 508 1544 Moyses
523 1457 627 1536 docet,
643 1456 692 1521 ita
702 1455 809 1522 Plato.
850 1455 959 1546 'Albus
974 1454 1059 1520 enim
1075 1455 1163 1522 oolor
1178 1453 1268 1542 paui·
1373 1538 1377 1548 ,

63 1557 120 1626 llois
133 1556 322 1624 bominibus
337 1560 489 1628 eosvenit
502 1563 537 1626 at
550 1558 751 1624 illuminatis.
788 1557 914 1625 Tunica
926 1556 1050 1624 indicat
1060 1577 1192 1624 mores:
1205 1554 1267 1622 So·

64 1657 118 1724 lida
129 1662 243 1735 autem
258 1661 361 1726 vestis
376 1664 521 1750 protegit
531 1661 688 1737 ualidum,
697 1659 784 1749 quod
798 1662 850 1725 ast
863 1659 898 1724 in
909 1675 1051 1748 oorpora.
1081 1657 1179 1743 Quali
1190 1677 1269 1745 ergo

63 1765 142 1828 rasta
157 1763 263 1850 opus?
294 1761 388 1846 Quae
403 1764 524 1850 suffieit
538 1763 579 1830 ad
595 1764 676 1830 satis
692 1763 807 1830 caloris
821 1761 1039 1842 retinendum,
1054 1781 1093 1828 ea
1107 1763 1142 1828 ab
1154 1761 1270 1828 idonea

63 1864 194 1932 albona
224 1864 293 1932 Sed
307 1867 422 1932 utatur
434 1867 532 1934 etiam
547 1867 670 1933 lamina
685 1865 810 1934 vestitu
824 1865 988 1952 bugellet
1001 1863 1148 1942 honesto,
1164 1863 1269 1951 magis

68 1968 171 2032 autam
183 1966 283 2046 molli,
299 1989 396 2054 quum
410 1969 514 2036 virum
529 1969 653 2048 deeset,
665 1991 725 2037 neo
740 1977 817 2036 v'ero
832 1969 887 2057 qui
901 1967 1197 2056 pudoremomnino
1211 1965 1270 2032 ab·

70 2065 178 2148 iecerit,
190 2091 252 2136 neo
266 2070 361 2160 plane
376 2071 510 2164 mollitie
525 2069 661 2142 diffluat.
705 2068 899 2158 congruant
918 2070 1056 2156 danique
1075 2069 1271 2136 vestimentu

67 2172 165 2250 aelati,
181 2193 350 2262 personae,
368 2171 495 2262 figuris,
514 2177 661 2252 naturae,
677 2171 806 2240 studiis.
849 2172 905 2238 Ad
919 2173 1077 2260 reliquum
1091 2173 1200 2238 aulam
1217 2191 1269 2238 or-

62 2277 167 2342 natum
182 2275 416 2362 quodattinet,
431 2276 502 2342 auri
516 2281 596 2342 bens
617 2275 662 2342 sit
679 2274 771 2340 utilis
786 2276 932 2352 tantum3
955 2274 1010 2360 qui
1030 2273 1115 2340 enirn
1135 2294 1215 2339 auro
1235 2294 1270 2339 se

61 2379 160 2444 ornari
181 2363 314 2456 eredat,
337 2377 366 2444 is
387 2399 467 2446 auro
484 2379 596 2446 avadit
616 2378 758 2444 inferior.
803 2376 980 2464 Largimur
996 2377 1125 2468 quidem
1144 2375 1271 2442 mulieri

58 2480 209 2546 annulum
221 2501 364 2559 aureum,
380 2502 446 2548 non
456 2482 498 2548 ad
511 2484 675 2560 ornatum,
689 2481 746 2548 sad
756 2481 805 2559 ut,
820 2501 903 2566 quae
912 2480 1013 2568 digna
1024 2480 1270 2558 sunt'oustodia
1295 2533 1301 2550 .

58 2581 215 2669 obsignat
261 2581 484 2672 Quamquam,
506 2584 534 2651 si
548 2606 660 2662 omnes
680 2573 802 2650 mlum
821 2582 1012 2671 Paedagogi
1031 2585 1271 2652 institutionem
1373 2588 1377 2597 '

58 2686 278 2774 sequerentur,
298 2684 379 2749 nihil
393 2707 476 2774 opus
491 2690 581 2754 esset
596 2685 711 2774 signis,
734 2689 964 2772 quummmnes
981 2709 1022 2753 ex
1042 2708 1146 2777 aequo
1163 2688 1271 2753 iustos

56 2809 88 2852 se
101 2785 282 2874 probarent
295 2789 331 2852 at
346 2809 455 2856 servos
470 2793 505 2856 et
519 2790 674 2856 dominos.
720 2775 786 2856 se'd
800 2809 851 2854 res
868 2786 1017 2854 sehabet
1030 2787 1135 2856 aliter.
1170 2788 1270 2868 Prae·

55 2895 141 2954 terea
156 2893 268 2954 autem
281 2889 374 2972 lieet,
400 2912 534 2957 uxorem
553 2891 662 2978 paullo
682 2885 986 2972 assentantium,
1015 2893 1054 2956 ut
1073 2891 1190 2956 marito
1211 2911 1270 2957 suo

55 2992 196 3078 placeat,
223 2992 424 3080 eundemque
445 2992 616 3081 paullatim
630 2995 672 3059 ad
696 2994 911 3079 temperatum
931 2992 1197 3078 moderatumque
1221 2992 1271 3058 vi·

55 3093 148 3159 vendi
163 3113 268 3179 genus
283 3095 467 3172 oonv'ertat3
491 3094 549 3162 sed
568 3117 609 3161 ne
630 3095 708 3181 quid
728 3094 823 3160 ultra.
853 3094 1017 3192 'Honeste
1033 3095 1118 3161 enim
1132 3094 1270 3160 feminae

56 3195 304 3262 suntornandaa
318 3200 353 3263 at
365 3197 483 3284 pudioo
494 3197 746 3292 adstringendae
759 3196 893 3285 pudore,
907 3219 948 3263 ne
959 3199 1093 3286 propter
1104 3191 1270 3264 mollitiem

55 3297 236 3364 avaritaie
261 3297 422 3366 diffluant.
465 3301 549 3366 Tum
582 3323 658 3367 vero
678 3300 773 3367 nobis
802 3299 901 3366 etiam
927 3301 1006 3368 viris
1026 3322 1111 3367 unus
1131 3298 1270 3368 annulus

53 3423 170 3468 aureus
185 3400 229 3490 ad
243 3399 481 3488 obsignandum
496 3403 692 3483 aonoaditur,
709 3404 766 3470 sad
780 3403 905 3492 unious.
939 3403 1024 3470 Nam
1038 3403 1208 3482 „ornatus
1224 3399 1289 3466 ait,

54 3502 89 3569 S.
106 3502 294 3592 Scriptura,
317 3524 435 3570 aureus
450 3506 602 3593 prudenti
623 3510 676 3575 esi
693 3505 902 3595 disciplins.“
945 3505 1056 3590 (Prov.
1077 3508 1132 3592 8.).
1177 3503 1271 3588 Quae

57 3778 109 3830 Sub
120 3778 197 3830 finam
209 3781 278 3830 enim
295 3779 385 3844 capitis
397 3775 462 3829 Vlll
479 3796 505 3848 p.
519 3780 565 3836 281
588 3781 716 3847 Clemens,
734 3797 761 3834 so
773 3784 915 3848 absolvisse,
926 3785 993 3847 quod
1005 3783 1133 3850 prooemio
1144 3779 1270 3848 pollicitus

56 3863 138 3928 suerit,
149 3865 255 3917 indicat.
274 3863 278 3871 '
291 3865 345 3928 „As
356 3867 438 3929 vero,“
451 3865 541 3933 inquit,
555 3869 750 3932 disputationem
762 3869 927 3930 contrahens,
940 3871 1039 3932 „operis
1050 3867 1200 3933 longitudini
1212 3881 1270 3930 par-

57 3964 119 4014 rana,
132 3952 258 4003 adducam
268 3949 415 4016 Paedagogi
427 3953 633 4018 tibipraaoepta‚
650 3942 727 4004 nt'ab
744 3955 797 4005 eius
814 3955 888 4005 minis
906 3953 1026 4004 careas.“
1061 3951 1158 4014 Quibus
1180 3951 1271 4014 serbis,
1309 3965 1311 3973 ⁴

58 4037 153 4092 omissis
165 4039 217 4088 ism
230 4037 348 4104 singulis,
374 4044 459 4104 aperte
477 4054 493 4089 a
510 4053 537 4090 sa
550 4039 665 4108 deinceps
676 4039 741 4090 nihil
753 4037 866 4090 additum
879 4038 910 4088 iri
922 4039 992 4102 dicit,
1010 4039 1058 4088 nisi
1069 4039 1137 4088 vitas
1148 4037 1270 4089 honestae

58 4121 192 4186 imaginem
203 4124 385 4176 summatim
397 4125 586 4190 adumbratam,
597 4124 680 4188 qualis
691 4125 804 4189 sequitur
815 4139 839 4188 p.
850 4121 919 4187 285,
932 4137 990 4186 cap.
997 4120 1046 4174 xl.
1081 4119 1172 4188 Capita
1182 4129 1270 4174 sutem

58 4204 102 4256 ills
110 4207 451 4272 aptissimeaunactuuturad
459 4209 515 4276 eup'.
527 4211 651 4276 quintum,
663 4211 737 4272 quod,
746 4211 871 4274 quomodo
879 4210 905 4258 in
914 4208 1010 4258 balneis
1018 4223 1045 4259 se
1053 4223 1139 4273 gerere
1147 4201 1271 4274 oporteat,

61 4293 173 4346 ostendit.
207 4293 252 4346 sic
265 4295 332 4345 anim
343 4297 535 4362 prudentissime
546 4297 716 4362 progreditur:
733 4295 843 4356 primum
855 4295 1039 4360 impudentiam
1051 4309 1066 4344 a
1076 4294 1172 4346 balneis
1183 4295 1270 4346 tollere

63 4378 154 4442 studat3
170 4377 261 4433 deiude
278 4393 351 4430 usum
363 4380 510 4432 balneorum
522 4361 726 4445 frequentiorem,l
740 4381 848 4444 denique
864 4396 972 4434 omnem.
985 4405 1019 4416 -
1053 4379 1201 4446 Leblourr'y
1217 4377 1271 4447 (1.1.
1338 4404 1343 4412 ’

64 4473 88 4525 p.
98 4461 157 4529 dit)
169 4471 260 4530 totam,
270 4479 336 4531 quae
347 4479 415 4516 nuno
427 4473 472 4531 est,
483 4468 510 4518 in
523 4471 608 4531 capita
623 4467 772 4519 divisionem
788 4468 884 4529 raspert
900 4467 1021 4532 ineptam.
1057 4461 1088 4516 ln
1103 4466 1153 4517 boo
1168 4463 1270 4532 quidem

65 4559 159 4609 uorsus
171 4553 195 4604 ai
207 4551 337 4604 mulier.
349 4551 399 4604 Sed
409 4567 586 4621 quameunque
596 4553 685 4606 laceris
696 4554 854 4615 divisionem,
864 4547 914 4602 ists
922 4566 988 4616 quae
997 4567 1021 4618 p.
1029 4567 1053 4618 p.
1064 4549 1203 4608 ast-ast
1211 4563 1270 4606 eou-

68 4631 169 4694 l'mtutnr
180 4639 489 4708 peraemnsuntinspte
501 4637 647 4706 dr‘stdbuta3
666 4637 1016 4700 atveroloeodestituas.-
1074 4692 1077 4702 ‚
1187 4639 1191 4648 '
