2830 5052
637 332 680 405 ‘lb

75 525 167 594 mulier
179 523 311 615 decepit
325 523 459 616 loseph.
495 523 605 608 Quare
618 521 766 592 incessus
782 525 827 592 sit
841 526 952 594 castus
967 521 1135 609 omnisque
1149 519 1266 588 molus

75 627 167 695 Oculis
191 650 290 718 porro
313 649 409 715 quam
429 629 568 694 maxime
592 629 788 716 parcendum
805 632 873 707 est,
902 625 1053 714 quoniam
1077 624 1192 690 melius
1213 625 1266 688 est

72 729 125 794 labi
136 730 279 818 pedibus,
297 751 394 817 quem
410 731 522 797 oculis.
568 729 660 811 Quae
675 735 784 795 sutem
799 731 907 796 omnia
919 730 992 796 ideo
1007 727 1088 812 egit,
1103 729 1143 792 ut
1156 725 1265 790 oculos

76 829 200 918 pelliciat,
221 855 348 900 vocans
363 853 421 923 per
437 855 529 899 susm
544 831 682 918 speciem
697 837 732 897 et
745 833 928 898 universam
939 832 1055 897 vitam:
1080 826 1188 911 „Quis
1203 829 1266 904 est,

77 933 166 1018 inquit,
179 937 332 1002 vestrum
348 933 605 1002 stultissimus?“
648 933 714 1001 Sed
728 957 769 1001 ne
784 935 917 1002 ancillas
932 932 1072 1019 quidem,
1094 953 1176 1017 quse
1190 951 1266 1017 pro·

75 1031 118 1100 bes
130 1043 310 1124 sequuntur
329 1035 480 1115 feminas,
506 1037 617 1125 turpia
636 1025 688 1103 sel
706 1036 795 1122 loqui
814 1037 866 1102 vel
883 1037 989 1102 iecere
1008 1036 1152 1122 oportet3
1190 1034 1268 1098 sunt

72 1141 160 1204 eutem
182 1163 202 1205 a
227 1138 373 1206 dominis
395 1134 616 1226 castigandae.
660 1137 699 1204 ln
725 1139 887 1204 dominam
915 1139 1000 1204 enim
1021 1136 1109 1202 cadit
1133 1133 1268 1201 cucillae

70 1238 227 1326 turpitudo.
275 1239 394 1324 Qualis
409 1241 549 1321 domina,
564 1244 603 1307 ut
617 1244 670 1307 est
682 1241 716 1306 in
731 1241 910 1330 proverbio,
929 1241 1007 1308 talis
1022 1237 1147 1306 estella.

119 1339 178 1408 Sed
195 1343 279 1410 viris
302 1345 402 1410 etiam
422 1343 663 1410 ambulantibus
689 1343 842 1415 vitandus
866 1347 920 1410 est
942 1344 1089 1409 incessus
1113 1339 1268 1414 furiosus,

70 1463 116 1507 nec
126 1444 227 1512 minue
247 1445 353 1512 nimis
365 1442 492 1512 tardus.
536 1443 649 1530 Neque
664 1466 902 1534 supervacanee
917 1465 1080 1512 servorum
1096 1463 1157 1531 ope
1171 1444 1267 1507 uten-

72 1543 139 1622 dum,
152 1569 190 1612 ne
205 1549 290 1634 quid
305 1549 400 1616 molle
415 1551 580 1638 appareat.
603 1546 715 1632 Neque
729 1548 813 1612 enim
828 1549 862 1613 in
874 1552 975 1626 motu,
986 1569 1090 1634 neque
1100 1547 1135 1611 in
1143 1543 1268 1620 habitu,

72 1643 230 1716 inveniatur
240 1671 389 1740 unquam
401 1649 511 1738 magni
522 1649 620 1715 enimi
634 1655 670 1715 et
682 1651 801 1716 excelsi
814 1651 965 1718 dedecus.
990 1649 1144 1716 Famulus
1159 1649 1269 1712 autem

71 1751 277 1821 nehcbeumue
293 1774 354 1842 pro
367 1754 538 1829 iumentie3
555 1752 583 1818 si
597 1752 670 1818 illos
684 1753 779 1820 decet
792 1751 985 1832 obedientia,
1001 1752 1149 1839 aequitas
1169 1741 1269 1826 ebrie,

74 1853 215 1936 patientia,
230 1855 424 1942 benignitas
438 1855 593 1925 dominos.
636 1855 844 1922 Abiiciantur
857 1873 984 1947 quoque
998 1855 1140 1950 virorum
1153 1851 1284 1920 mulie·¹

78 1971 179 2044 rumque
192 1959 229 2025 in
245 1959 422 2026 tonstrinis
438 1960 472 2022 et
486 1957 640 2050 cauponis
655 1977 762 2043 nugae
775 1958 992 2048 turpissimae.
1035 1955 1148 2047 Atque
1163 1959 1269 2022 tesse-
1346 2023 1352 2032 ,

80 2073 158 2123 rarum
169 2059 270 2128 ludus
293 2053 447 2126 mittatur
460 2061 590 2148 oportet
609 2059 821 2146 telorumque,
843 2061 898 2146 qui
913 2060 998 2126 ¹lucri
1011 2081 1111 2126 eausa
1124 2057 1269 2124 edomari

74 2153 143 2222 solet.
183 2161 476 2230 verumenimvero
506 2161 706 2228 consuetudo
727 2166 902 2247 quaeretur
923 2183 995 2253 cum
1010 2161 1088 2228 viris
1109 2159 1266 2236 honestis,

72 2257 101 2320 ul
112 2279 184 2347 quae
193 2253 272 2332 'solo
288 2259 377 2331 sitae
392 2263 553 2332 conducat
566 2267 714 2343 nostrae;
730 2268 767 2330 at
780 2287 852 2330 oum
862 2265 1018 2354 improbis
1027 2265 1117 2331 nulla
1132 2262 1176 2329 sit
1190 2283 1267 2328 con-

69 2355 180 2430 iunctio.
230 2368 304 2434 Nec
329 2389 426 2456 porro
451 2361 493 2433 ad
516 2368 703 2457 spectacula
728 2365 943 2456 Paedegogus
968 2391 1028 2435 nos
1053 2367 1206 2442 deducet3
1233 2366 1268 2429 'et
1317 2355 1340 2402 ·’

69 2463 139 2530 recte
152 2467 285 2556 quidem
302 2469 408 2536 stadia
422 2473 457 2537 et
471 2469 599 2536 theatra
613 2451 819 2560 pestilentiae
838 2471 1118 2558 cathedraquuis
1131 2489 1267 2537 vocave-

66 2561 110 2627 rit
147 2567 293 2660 Magnae
313 2572 398 2639 enim
417 2572 613 2640 confusionis
634 2573 800 2648 hiooetus
820 2575 907 2663 pleni
927 2579 1005 2642 sunt
1023 2577 1059 2670 et
1072 2569 1267 2664 iniquitatis,

68 2669 208 2750 quonism,
224 2676 306 2742 viris
329 2697 402 2742 cum
422 2674 550 2742 feminis
577 2675 672 2743 simul
693 2677 975 2757 convenientibus,
1001 2677 1103 2744 altero
1124 2673 1166 2741 ud
1185 2673 1268 2738 alte-

65 2764 119 2834 u'm
134 2777 365 2862 spectaculum,
386 2778 564 2845 conventus
585 2780 712 2846 occasio
730 2779 770 2845 fit
792 2801 891 2846 causa
910 2779 1133 2870 turpitudinis.
1177 2774 1268 2858 Quid
1301 2831 1307 2848 .

65 2869 134 2937 enim
147 2872 290 2968 turpiter
303 2878 425 2946 iactum
439 2901 505 2946 non
520 2881 703 2948 ostenditur
716 2883 751 2948 in
765 2882 914 2948 theatris.
959 2882 1056 2964 Quod
1070 2883 1180 2948 eutem
1194 2899 1267 2944 ver-

64 2965 127 3038 bum
139 2977 313 3068 impudens
328 3003 393 3048 non
407 2979 585 3071 proterunt,
601 2985 640 3048 ut
652 2985 751 3050 risuum
766 2974 927 3062 moveant
945 3004 1072 3054 scurrae
1086 2986 1121 3049 et
1133 2979 1267 3046 bistn'c-
1389 3007 1392 3014 ·

63 3077 128 3140 nes?
144 3079 194 3148 fli
209 3087 299 3152 certe
313 3107 379 3151 non
394 3082 473 3152 sunt
483 3082 554 3151 ludi
569 3087 611 3151 ud
626 3085 750 3152 animos
765 3087 966 3166 recreandos,
974 3088 1066 3172 unde
1076 3083 1182 3152 inanis
1194 3080 1266 3168 glo·

64 3171 118 3242 rite
131 3185 328 3272 cupiditates
342 3188 603 3274 proficiscuntur,
618 3189 821 3268 ambitiones,
843 3190 943 3256 nimia
960 3190 1118 3280 impensu,
1134 3185 1268 3254 seditio·

63 3293 119 3358 nes,
131 3305 230 3356 mors.
253 3289 303 3354 At
316 3311 381 3356 nou
395 3311 518 3370 omnes,
532 3291 695 3382 inquiunt,
712 3289 986 3380 philosophamurl
1009 3289 1175 3382 Numquid
1189 3309 1266 3375 ergo

63 3395 112 3446 nec
123 3387 224 3459 vitam
237 3391 462 3482 persequimur
476 3396 608 3460 omnes?
632 3394 720 3476 Quid
734 3401 773 3462 tu
787 3396 889 3462 dicis?
912 3393 1082 3478 Quomodo
1103 3412 1182 3481 ergo
1196 3413 1264 3459 crc-

63 3474 182 3554 ffidistil
203 3493 375 3576 Quomodo
390 3499 498 3563 eutem
514 3497 609 3563 deum
624 3502 765 3564 amaset
778 3499 970 3588 proximum,
981 3500 1045 3565 nisi
1060 3493 1266 3586 philosopha·
1391 3527 1396 3541 ¹

64 3578 118 3648 ris?
139 3589 204 3686 Sed
219 3589 347 3664 litteras
362 3619 427 3664 non
442 3597 599 3666 didicistil
616 3600 666 3666 At
679 3621 755 3666 vero
770 3601 834 3666 nisi
848 3599 955 3690 legere
966 3601 1128 3679 didiceris,
1138 3621 1203 3666 nou
1214 3600 1267 3664 est

63 3679 168 3800 temen,
183 3700 270 3788 quod
285 3700 325 3766 de
339 3699 463 3780 auditu,
480 3702 535 3788 q'ui
549 3703 663 3792 nequit
676 3701 794 3780 doceri,
810 3702 844 3770 te
859 3707 965 3794 possis
980 3723 1144 3774 excusare.
1166 3699 1265 3768 Fides

65 3799 136 3855 emm
153 3817 218 3868 non
238 3801 434 3892 sapientium
454 3799 630 3871 secundum
644 3805 731 3872 hunc
744 3802 911 3889 muudum,
935 3807 993 3874 sed
1006 3829 1127 3883 eorum,
1142 3803 1199 3893 qui
1213 3824 1265 3870 se-

63 3891 188 3966 cundum
199 3903 295 3972 deum
303 3907 382 3970 erunt
395 3906 570 3994 sapientes,
586 3909 750 3995 possessio
766 3909 827 3976 est.
854 3909 1121 3996 Etblvangelium
1136 3905 1265 3996 quidem

64 3987 97 4052 ad
110 4013 214 4072 omnes
229 4010 264 4073 et
277 4007 441 4074 litteratos
456 4011 490 4074 et
504 4009 573 4074 siue
587 4010 706 4076 litteris
720 4009 865 4078 homines
880 4013 1032 4102 pertinet,
1053 4007 1265 4098 euiusphilc-

65 4091 164 4179 ⁸⁰pbia
181 4105 215 4173 in
234 4109 371 4175 caritate
392 4109 543 4176 cernitur.
587 4111 628 4178 In
647 4133 837 4200 quacunque
861 4114 949 4180 vitoe
974 4111 1158 4180 conditione
1178 4109 1265 4200 qu'od

66 4183 220 4304 honesffim
234 4213 297 4290 est,
311 4212 346 4278 id
359 4212 500 4299 deligere
513 4211 610 4280 huius
626 4219 679 4282 est
692 4215 922 4304 philosophiae.
967 4215 1034 4282 Sed
1047 4216 1082 4282 in
1097 4213 1265 4304 ecclesiam

66 4293 94 4356 ii
105 4305 246 4380 mulieres
260 4313 370 4379 etvini
384 4314 517 4382 veniant
531 4320 661 4406 oportet
675 4318 788 4384 decore
802 4319 919 4396 induti,
934 4317 1064 4386 incessu
1082 4339 1148 4386 non
1163 4316 1264 4385 simu-

68 4387 132 4480 ΜΘ,
147 4405 306 4483 silentium
320 4417 564 4506 amplectentes,
575 4419 825 4488 caritatemnon
839 4421 949 4488 fictam
964 4423 1179 4512 possidentes,
1189 4441 1265 4486 oas-

68 4494 517 4606 Nceessenecesse,
542 4520 700 4590 addeum
724 4524 904 4611 rogandum
928 4525 1146 4615 praeparatos.
1189 4522 1265 4591 iiiuc
1377 4601 1390 4618 .

69 4603 161 4684 illum
172 4621 284 4692 mulier
296 4621 408 4694 teneat
421 4624 581 4726 emplius}
590 4647 720 4718 semper
731 4629 821 4697 teuta
835 4628 890 4710 eit,
904 4627 969 4697 nisi
980 4629 1079 4700 luerit
1088 4615 1186 4699 domi.
1206 4626 1263 4696 Ab
