2972 5048
577 343 778 445 *Aine

81 547 177 602 onnes
191 515 352 602 homines
363 551 455 620 spem
469 517 591 598 liabent
605 530 730 600 salutis.
773 531 857 598 Nam
873 531 984 599 eadem
999 533 1085 598 inter
1098 553 1210 599 omnes
1230 531 1283 598 dei

78 638 145 704 iusti
169 635 369 726 generisque
392 633 524 700 humani
549 634 689 724 amantis
715 633 897 702 communio
921 639 957 703 et
980 635 1170 721 aequalitas,
1197 633 1285 722 apud
1354 629 1355 634 ’

77 762 165 826 quem
178 737 289 805 nullus
311 737 364 802 est
381 757 592 827 personarum
612 735 768 806 delectus.
818 733 930 824 Neque
949 739 1051 826 igitur
1070 736 1284 822 Paedagogus

82 863 191 928 pueros
204 840 238 906 vi
260 838 467 924 intelligendi
487 861 548 904 noe
567 837 722 926 appellat,
745 840 802 906 sed
820 839 955 906 malitia.
998 839 1046 905 Et
1069 838 1130 906 hoc
1156 838 1285 933 quidem

82 942 165 1008 modo
178 943 284 1008 simus
300 961 411 1008 omnes
432 939 574 1008 infantes
595 944 735 1030 oportet,
756 945 796 1008 ut
815 942 975 1030 sapientia
992 941 1108 1008 fiamus
1129 939 1190 1005 viri
1209 963 1283 1029 per-

74 1040 154 1112 lecti.
198 1043 347 1110 Infantia
360 1042 456 1121 enim,
472 1065 555 1130 quae
569 1047 622 1110 est
635 1044 669 1110 in
686 1041 829 1124 Christo,
850 1044 1006 1133 perfectio
1021 1045 1083 1110 est.
1127 1041 1286 1126 Quamvis
1401 1086 1404 1096 ι

81 1147 151 1214 enim
179 1145 367 1235 Apostolus
394 1167 429 1212 se
452 1145 496 1211 ad
519 1146 615 1212 finem
647 1146 850 1235 propositum
875 1147 940 1212 iam
965 1145 1152 1236 pervenisse
1176 1149 1292 1232 neget,

78 1253 178 1316 tamen
194 1271 234 1314 eo
249 1249 334 1336 ips‘o,
348 1246 436 1335 quod
450 1248 623 1326 „coelestis
638 1247 842 1316 vodaliouis“
856 1249 1034 1336 praemium
1045 1248 1198 1334 consequi
1215 1251 1286 1314 stu·

77 1350 155 1429 deat,
177 1349 262 1436 quin
280 1349 444 1437 perlectus
463 1349 634 1430 habeatur,
659 1345 723 1418 non
748 1349 894 1439 impedit.
937 1350 1084 1436 Namque
1104 1351 1139 1416 in
1158 1371 1196 1417 eo
1216 1371 1288 1438 per-

79 1453 246 1519 lectionem
262 1449 314 1518 hic
328 1473 401 1518 esse
414 1453 612 1542 ponendam,
638 1457 677 1518 ut
691 1453 776 1540 quis,
792 1477 812 1522 a
826 1454 968 1543 peccatis
990 1453 1132 1532 solutus,
1157 1453 1192 1519 in
1217 1453 1288 1520 eius

82 1554 178 1640 idem,
195 1554 255 1642 qui
270 1554 316 1620 sit
330 1554 418 1621 solus
432 1557 607 1644 perlectus,
622 1559 832 1641 regeneratus
849 1557 941 1642 sit1).

136 1656 214 1722 dam
236 1677 325 1734 vero,
353 1657 410 1742 qui
430 1658 475 1724 sit
499 1656 699 1725 educationis
725 1658 800 1725 finis
825 1659 1000 1746 qualesque
1027 1656 1095 1724 sint
1118 1654 1287 1733 educandi,

82 1781 173 1843 quum
194 1759 452 1838 ostenderimus,
471 1761 635 1848 deinceps,
657 1761 713 1846 qui
734 1760 788 1840 eit,
815 1761 871 1847 qui
890 1761 1015 1840 educet,
1035 1759 1057 1826 i.
1072 1782 1099 1828 e.
1120 1758 1224 1846 qualis
1245 1757 1290 1824 sit

81 1859 305 1946 Paedegogus,
322 1863 556 1948 exponendum.
583 1863 759 1949 Regiorum
772 1863 876 1949 igitur
889 1861 1102 1949 Paedagogos
1116 1861 1290 1928 liberorum

86 1960 201 2026 multos
212 1962 436 2048 cognovimusr
452 1964 800 2045 AchillisPhoenicem,
816 1967 997 2032 Adrastum
1013 1965 1151 2032 filiorum
1164 1960 1289 2041 Croesi,

91 2061 255 2130 Alexandri
270 2064 460 2146 Leonidam,
472 2066 688 2134 Nausithoum
699 2067 853 2156 Philippi,
865 2067 1000 2134 aliorum
1010 2067 1101 2137 alios.
1122 2067 1169 2132 Hi
1180 2068 1290 2132 autem

88 2165 156 2252 quid
179 2168 381 2234 effecerunt?
406 2169 723 2249 „Perturbarionrbus
751 2171 902 2256 magnam
931 2173 1058 2256 partem
1091 2169 1193 2236 dediti
1214 2168 1290 2256 ipsi,

84 2267 255 2358 discipulos
271 2271 413 2358 posteris
425 2271 629 2338 tradiderunt
644 2271 910 2361 perturbatiores.
953 2273 1001 2338 Et
1019 2271 1190 2338 Persarum
1210 2291 1291 2355 quo·
1402 2279 1403 2284 ’

80 2395 138 2461 que
151 2395 269 2459 regum
284 2371 485 2450 educatores,
507 2375 562 2462 qui
585 2397 710 2440 summa
729 2397 802 2441 cum
823 2373 978 2466 religione
998 2369 1233 2460 deligebantur,
1252 2371 1292 2438 ut

77 2473 168 2563 pueri
182 2472 310 2540 nobiles
325 2475 448 2564 optime
463 2475 595 2564 sagittis
610 2477 660 2542 uti
674 2477 846 2555 discerent,
867 2499 993 2544 omnem
1008 2477 1131 2543 dabant
1149 2495 1291 2562 operam,
1355 2455 1377 2488 ⁴

78 2577 141 2666 qui,
158 2599 264 2668 quum
278 2577 505 2664 pubescerent,
522 2601 542 2644 a
556 2579 645 2645 nulla
658 2579 862 2667 turpitudine
877 2580 1047 2648 abhorrere
1059 2577 1218 2646 solebant.
1242 2575 1294 2643 Ut

79 2678 166 2746 brevi
196 2679 321 2745 dicam:
349 2679 431 2765 regii
459 2679 555 2746 buius
581 2683 693 2748 mundi
724 2681 816 2748 liberi
846 2681 1051 2770 Paedagogis
1082 2681 1222 2776 utuntur
1253 2679 1293 2744 et

77 2779 332 2869 ignobilibus
355 2784 394 2848 et
421 2783 674 2870 perturbatis
701 2785 816 2850 etad
842 2784 1175 2872 perturbationes
1205 2781 1292 2869 ple-

77 2904 243 2972 rumque
266 2881 561 2973 ducentibus2).
603 2885 672 2952 Nos
693 2887 817 2964 contra,
842 2886 929 2972 regis
950 2886 1100 2954 coelestis
1119 2885 1189 2962 filii,
1209 2881 1294 2948 Paa-

78 2986 244 3073 dagogum
264 2983 420 3054 babemus
442 2987 573 3075 ipsum
596 2987 631 3068 S.
654 2987 780 3065 deum,
803 2987 957 3066 desum,
984 2985 1293 3072 bonumspasto-
1355 2992 1361 3003 ‘

76 3111 173 3166 rem,
211 3087 345 3154 totius
381 3089 541 3175 generis
577 3087 737 3154 humani
778 3090 933 3186 ducem,
973 3089 1083 3156 deum
1124 3085 1294 3154 hominis
1410 3085 1421 3110 ⁸

79 3195 255 3258 naturae
283 3193 494 3270 amantem,
522 3191 604 3282 qui,
628 3213 742 3281 quum
764 3192 920 3278 origine
950 3193 1005 3258 sit
1032 3189 1195 3264 nobilis,
1222 3189 1294 3254 turn

77 3317 148 3361 sna
163 3291 350 3360 bonitate
365 3298 597 3375 commovetur,
612 3297 651 3360 ut
664 3281 837 3361 nos‘duoat
850 3297 1006 3381 tanquam
1021 3292 1143 3360 amicus
1150 3317 1160 3370 ;
1182 3313 1294 3379 quem-

78 3397 255 3464 admodum
275 3394 385 3481 aquila
404 3397 550 3486 protegit
568 3397 681 3462 nidum
701 3419 807 3474 suum,
824 3397 880 3466 sic
894 3398 948 3464 ille
962 3399 1003 3464 de
1022 3397 1115 3464 nobis
1130 3394 1295 3474 'sollicitus

78 3503 142 3567 est.
186 3497 255 3565 Hio
281 3499 343 3576 est,
370 3520 465 3585 quem
490 3499 572 3566 facie
599 3499 642 3566 ad
666 3499 821 3567 iaciem'a
841 3521 876 3568 se
902 3501 1093 3589 adspectum
1119 3519 1192 3565 esse
1216 3495 1297 3563 dicit

77 3601 196 3680 Jacob.
240 3601 318 3690 lpse
332 3602 418 3671 euim
434 3601 485 3668 dei
506 3601 632 3670 facies
655 3605 717 3681 est,
738 3623 820 3690 quae
833 3603 930 3670 deum
950 3603 1044 3670 nobis
1064 3601 1236 3678 illuminat,
1256 3598 1296 3664 ut

77 3703 233 3792 cognosci
253 3703 367 3792 possit.
411 3703 502 3771 Idem
521 3727 617 3794 porro
636 3705 784 3773 dominus
805 3707 925 3773 veteris
946 3705 1058 3795 populi
1079 3703 1294 3789 Paedagogus

81 3812 135 3875 est
148 3827 207 3899 per
227 3805 355 3874 Mosam
375 3807 447 3895 lege
466 3807 626 3886 erudiens,
648 3829 731 3896 quae
749 3813 838 3876 metu
858 3809 985 3886 nititur,
1006 3827 1064 3896 per
1085 3806 1295 3893 semetipsum

80 3916 191 3982 autem
206 3912 298 3980 metu
311 3911 345 3977 in
367 3931 506 3978 amorem
526 3911 662 3988 mumto,
683 3909 750 3978 dux
769 3911 844 3978 novi
863 3911 985 4001 populi,
1006 3911 1087 3980 facie
1107 3909 1149 3976 ad
1169 3905 1294 3976 faciem

137 4119 146 4152 ¹
198 4158 206 4177 .
253 4117 304 4172 2-
357 4159 365 4175 .

17 4173 19 4182 y
136 4120 164 4272 ’l
179 4119 402 4262 trddmud2dsrte
413 4207 519 4270 intersit,
528 4175 671 4272 aequalium
684 4205 809 4256 nobilium
819 4205 1009 4269 macedonem,
1025 4209 1055 4254 ut
1070 4215 1124 4255 esse
1143 4201 1246 4266 assolet,
1259 4202 1296 4250 ita

81 4307 142 4344 cunr
152 4282 285 4346 reteri'illa
296 4307 451 4360 comparare,
461 4298 497 4356 st,
509 4305 620 4357 quanam
630 4306 657 4342 re
666 4306 718 4342 uns
730 4291 762 4342 ab
775 4291 854 4342 altera
865 4293 1034 4356 praecipue
1046 4287 1154 4354 differat,
1166 4291 1295 4354 appareat.

85 4375 234 4438 Quinetiam
247 4379 273 4430 in
287 4379 403 4431 omnibus
415 4379 467 4431 iere
483 4377 648 4439 humanioris,
668 4391 743 4442 quem
757 4377 856 4440 dicunt,
874 4379 1029 4428 educationis
1049 4375 1140 4426 scholis
1161 4372 1297 4424 Clementis
1338 4411 1340 4417 .

83 4465 263 4532 Paedegogum
274 4465 384 4516 nobilem
402 4464 473 4515 illum
489 4470 515 4515 et
531 4465 627 4528 origine
644 4469 669 4523 et
685 4477 732 4514 sua
747 4461 860 4513 bonitate
876 4461 970 4513 frustra
991 4475 1104 4527 quaeres.
1138 4457 1244 4523 sagittis
1257 4455 1296 4505 uti

85 4551 203 4602 docentur
212 4551 283 4616 pueri
295 4557 382 4604 nostra
392 4557 477 4602 aetate
493 4565 599 4616 quoque,
612 4550 717 4634 sagittis,
735 4549 826 4614 quibus
849 4561 963 4614 „panem
974 4545 1166 4613 quotidianum“
1179 4543 1295 4610 pulveru-

88 4634 188 4703 lentam,
198 4652 276 4706 quum
289 4637 450 4702 adoleverint,
463 4637 620 4691 abundanter
631 4649 712 4704 neque
723 4637 777 4689 sine
788 4636 884 4688 honore
895 4635 1035 4704 acquirant.

1343 3558 1356 3594 f
