2972 5048
767 304 811 370 40

685 390 887 408 ..μαψ-ι·-

177 511 278 585 qusm
292 489 423 570 Gaesi,
438 488 660 559 huiuscemodi
674 489 759 577 (scil.
779 483 1160 578 impudicissimos)·deos
1181 480 1390 555 edomuere

177 595 219 666 In
245 593 415 684 participio
439 595 548 660 sutem
579 592 800 674 ,sdonntem
828 591 913 658 latet
942 611 1040 658 sensu
1062 589 1191 658 ‚saltem
1221 603 1391 676 pronomen

178 708 295 778 „vos.“
316 695 396 764 Mox
410 695 496 760 enim
510 695 632 784 pergit:
656 695 848 784 „Aegyptii
864 715 1000 784 quorum
1015 705 1101 760 nunc
1115 691 1177 760 leci
1188 688 1390 760 mentionem,

178 798 319 886 dispersi
334 799 413 864 sunt
426 797 583 888 inpvarios
598 798 705 864 cultus
731 800 766 864 et
788 795 993 884 religiones.“
1035 793 1200 882 Deinceps
1211 785 1392 856 animalium

178 901 378 970 diversorum
401 898 543 967 cultores
568 900 728 988 Aegyptii
751 900 989 966 enumerantur.
1034 895 1163 979 Quibus
1182 885 1392 962 enumeratis:

181 1004 255 1084 „At
269 1023 329 1068 vos
343 1023 419 1068 vero
436 1000 601 1090 (Graeci),
630 1002 747 1092 inquit,
774 1001 922 1069 omnibus
947 999 1090 1066 numeris
1114 1021 1213 1090 quam
1239 985 1394 1078 Aegyptii

179 1103 327 1172 meliores
349 1110 487 1187 (vereor,
512 1128 554 1172 ne
573 1105 683 1193 potius
704 1103 874 1172 dicendum
895 1103 940 1170 sit
959 1103 1097 1190 peiores)
1131 1100 1188 1192 qui
1212 1089 1393 1181 Aegyptios

80 1215 85 1226 '
181 1205 326 1296 quotidie
334 1204 479 1304 ludibrio
493 1205 610 1274 habere
623 1231 689 1276 non
703 1205 933 1282 intermittitis,
949 1205 1061 1293 quales
1076 1204 1157 1272 estis
1172 1203 1208 1268 in
1218 1198 1318 1266 bruta
1329 1187 1393 1256 sni-

138 1305 141 1310 ’
182 1308 326 1376 malia?“
356 1308 450 1392 Quae
465 1332 564 1400 quum
583 1310 632 1376 ita
652 1309 729 1386 sint,
746 1309 809 1376 alia
829 1309 1023 1396 argumenta
1042 1305 1233 1396 conquirere
1251 1301 1322 1366 inre
1344 1311 1393 1358 su·

174 1410 351 1500 persedsre
369 1414 493 1502 potero.
539 1410 745 1499 Quamquam
769 1423 886 1480 novam
912 1409 963 1478 vel
988 1409 1063 1488 inde
1084 1401 1393 1496 argumentationem

133 1539 138 1556 ¹
178 1513 311 1582 ‘institui
326 1514 447 1602 possit,
472 1515 559 1602 qnod
581 1513 743 1590 Clemens,
773 1517 812 1582 ut
833 1512 979 1582 Graecus
999 1513 1074 1578 tota‘
1088 1512 1239 1586 natura,·
1253 1496 1393 1572 etiamin

94 1635 112 1663 '¹
175 1615 256 1686 ¹aliis
272 1617 403 1706 scriptis
417 1616 666 1705 interlineas
682 1618 717 1683 et
731 1619 904 1707 βαρβάρους
920 1617 1094 1704 diligenter
1106 1608 1331 1698 ostingam).

341 1944 360 1964 ,.
473 1889 476 1896 ’
502 1885 561 1954 De
587 1885 835 1982 Protreptici
859 1889 1075 1979 proposito.
1162 1957 1165 1964 ,

175 2079 180 2088 ,
246 2003 324 2072 «lam
339 2027 416 2074 vero
433 2007 460 2074 si
476 1997 627 2076 Clemens
642 2009 909 2078 Atheniensis
932 2006 1198 2077 Cohortationem
1215 2017 1307 2098 snam
1322 1985 1392 2059 scri·

175 2107 255 2204 ¹psit
275 2108 323 2174 ad
344 2108 536 2188 Graecos,
564 2111 731 2201 quidinde
747 2113 913 2202 sequitur?
957 2110 1055 2194 Quod
1069 2111 1099 2176 ei
1113 2109 1199 2176 hunc
1212 2103 1391 2172 librum‘ex·

184 2216 315 2281 oraturo
330 2211 584 2300 propositum
602 2213 711 2292 fuerit,
728 2237 797 2282 esse
811 2215 844 2279 in
859 2216 1022 2304 promptu.
1065 2212 1216 2278 Athenas
1232 2204 1317 2276 enim
1329 2198 1391 2262 tum

185 2313 285 2384 etiam
304 2313 461 2402 temporis
484 2315 618 2398 scientia
643 2316 775 2407 vitaque
800 2317 929 2384 exculta
953 2315 1101 2382 floruisse
1125 2313 1178 2382 vel
1202 2333 1242 2378 eo
1268 2293 1392 2370 doceris.

90 2445 92 2448 ·
185 2416 272 2504 qnod
289 2412 441 2482 Clemens
458 2417 518 2484 sub
529 2412 894 2498 finem'soohortationis,
918 2442 1017 2504 quum
1031 2417 1056 2485 J
1063 2439 1154 2484 esus
1170 2407 1327 2483 docuerit
1348 2400 1394 2464 ω·

185 2522 258 2588 tum
272 2517 382 2620 orbem
398 2521 558 2585 terrarum
571 2519 721 2588 Athenas
736 2523 859 2589 iactum
874 2543 945 2588 esse
959 2521 1113 2600 laetatur,
1127 2539 1233 2610 neque
1248 2515 1282 2604 in
1292 2502 1394 2598 poste-

185 2645 258 2688 rum
287 2620 364 2688 illuc
389 2619 534 2686 discendi
565 2644 663 2690 causa
687 2625 847 2714 proficisci
872 2647 954 2712 opus
980 2645 1053 2690 esee
1076 2620 1293 2702 asseverate).
1333 2604 1394 2673 Nei

51 2722 63 2808 J
185 2746 282 2813 porro
297 2722 523 2802 dubitandum,
539 2725 617 2810 quin
630 2725 691 2792 hae
710 2727 744 2794 in
761 2729 856 2806 urbe,
879 2727 1044 2794 doctrinae
1065 2723 1276 2798 incunabilis,
1287 2705 1395 2808 ,seculo

186 2825 328 2894 seeundo
339 2826 461 2894 multae
468 2825 586 2894 Graeci
598 2827 730 2916 ingenii,
743 2831 943 2908 eruditionis,
959 2828 1155 2896 urbanitatis
1166 2821 1321 2910 reliquiae
1331 2813 1396 2900 ipta

185 2925 370 3004 traditione,
386 2952 468 3022 quae
484 2953 503 2996 a
518 2934 611 3019 patre
627 2931 669 2999 ad
683 2931 783 3006 filium
795 2931 964 3010 redundat,
979 2931 1153 3019 viguerint.
1182 2925 1284 3008 Inhis
1295 2919 1396 2985 antem

189 3033 303 3101 mediis
326 3029 477 3100 Clemens
497 3036 605 3112 natus,
634 3035 802 3114 educatus,
832 3035 947 3102 doctus
967 3037 1034 3113 est;
1063 3035 1149 3102 inter
1169 3023 1395 3102 commilitones
1452 3071 1453 3102 ,

49 3151 64 3182 ⁰
182 3135 305 3216 indole,
320 3135 500 3224 diligentia,
515 3139 634 3204 eventii
644 3137 812 3216 excelluit3
827 3139 986 3206 incorum
997 3159 1166 3204 numerum
1181 3134 1238 3222 qui
1252 3125 1395 3199 urbanos,

187 3239 334 3306 eruditos
354 3237 577 3327 imprimisque
596 3239 816 3328 intelligentes
843 3263 878 3306 se
897 3225 1095 3318 habuerunt,
1121 3239 1232 3308 nescio
1252 3255 1294 3300 en
1311 3218 1396 3292 facile

187 3341 351 3408 admissus
372 3342 433 3418 sit;
455 3341 621 3430 imo,'qua
640 3347 711 3408 erat
730 3342 816 3418 omni
838 3365 879 3408 ex
899 3345 993 3430 parte
1013 3343 1232 3430 praestantia,
1262 3335 1396 3434 veterem

186 3443 295 3534 patria
309 3442 493 3510 litterarum
504 3443 641 3530 gloriam
656 3444 711 3530 qui
721 3447 901 3522 renovaret,
916 3445 1051 3514 idoneus
1065 3445 1167 3512 videri
1181 3439 1306 3510 debuit.
1337 3421 1397 3500 Sed

185 3546 276 3615 ecoe!
301 3545 357 3612 Ad
373 3543 498 3612 Christi
519 3546 624 3634 legem
645 3548 782 3626 transit,
808 3547 931 3626 laudat,
962 3570 1044 3636 quae
1069 3547 1187 3615 eruditi
1208 3528 1395 3630 despiciunt

187 3649 317 3746 sapiens
344 3646 383 3714 tit
406 3648 544 3716 stultusl
577 3648 692 3719 Nonne
712 3653 784 3723 robe
804 3653 967 3740 χαρίεντας
987 3652 1179 3730 admiratos,
1203 3645 1259 3736 qui
1281 3639 1395 3706 factum

186 3751 276 3820 esset
290 3748 476 3818 incredibile
499 3751 629 3830 auditu,
652 3753 831 3842 quaesiisse
851 3753 1023 3822 verisimile
1044 3756 1116 3822 est?
1161 3737 1395 3836 Qumrentibus

181 3856 296 3940 ,summ
319 3849 470 3920 Clemens
487 3855 662 3942 respondet
684 3853 916 3928 Cohortatione
938 3879 1012 3936 sua,
1038 3879 1135 3945 quam
1156 3852 1251 3924 simal
1270 3841 1394 3915 delen·
1452 3871 1453 3938 3

186 3957 339 4025 sionem
353 3979 485 4044 qnoque¹
495 3957 640 4024 habeam.
686 3959 811 4040 Quodsi
832 3962 1005 4047 utrumque
1019 3959 1223 4048 perspexeris
1238 3946 1311 4018 libri
1325 3958 1394 4032 pro·

186 4059 341 4152 positum,
365 4063 399 4126 et
413 4059 603 4128 defendendi
623 4063 658 4130 et
671 4061 869 4142 cohortandi,
890 4066 1128 4151 argumentum,
1150 4055 1314 4150 quodiam
1329 4057 1395 4112 sum

184 4163 403 4254 expositurus,
426 4163 595 4254 percipies.
694 4177 696 4182 '

185 4339 388 4354 m

216 4446 219 4452 ’
240 4436 266 4504 ¹)
284 4437 315 4492 et.
329 4453 354 4504 p.
367 4437 427 4494 340.
441 4437 533 4506 8-93
552 4440 611 4497 349.
630 4443 642 4497 t
662 4426 917 4510 sq.;352.u;eio;
935 4436 994 4496 4³2.
1012 4438 1043 4506 ὓς
1061 4434 1182 4508 lustr,
1200 4393 1394 4493 coesneriis·
1452 4371 1453 4410 l

186 4524 217 4592 ὓς
234 4521 294 4578 671.
307 4524 354 4590 3ος
370 4521 429 4581 dil.
444 4525 483 4584 m.
497 4531 544 4580 eto.
558 4532 605 4580 etc.

231 4607 269 4677 ⁴)
287 4626 312 4678 p,
325 4609 437 4670 86-87.
