2884 5058
265 411 278 454 ¹
581 359 691 431 '275
800 399 808 413 0

72 544 216 627 Plutonis,
233 545 423 616 Aristotelis
438 545 481 613 ad
494 546 602 626 ulium,
616 547 660 614 ad
674 547 770 614 ulium
784 547 929 638 Epieuri,
951 547 1087 622 aliorum
1105 547 1266 620 udnlissl

70 647 111 718 At
122 649 179 718 hoe
193 673 291 742 quum
304 671 364 740 per
383 671 418 716 ee
437 648 582 739 ineptum
608 650 670 734 sit,
695 653 766 716 tum
791 672 811 716 a
834 647 1002 718 Clemente
1022 650 1267 722 alienissimum.

67 751 114 816 An
127 773 200 818 vero
212 751 248 819 in
257 752 321 820 -hoe
331 741 439 840 genus
452 751 534 820 illud
546 755 724 819 ἐκλεκτικὴν
736 752 891 831 oernitssr,
906 755 945 820 ut
959 753 1031 843 punis
1047 754 1182 824 omnino
1201 771 1267 824 non

67 853 309 943 philosophetur,
333 855 391 922 sed
410 853 505 921 modo
530 875 570 918 ex
590 851 650 920 hue
669 853 779 922 schola
792 853 984 944 philosopha
1003 857 1130 944 ulique
1155 877 1267 926 rerum

66 955 228 1035 existimet,
250 957 345 1024 modo
360 981 401 1026 ex
420 955 504 1022 sliu?
526 955 576 1020 At
594 955 660 1022 inm
675 979 744 1022 mon
760 959 827 1023 erit
844 956 936 1024 istud
958 957 1268 1047 philosophandi
1330 985 1332 991 ·

67 1079 158 1144 genus
171 1059 346 1146 quoddam,
363 1057 392 1124 si
405 1058 466 1125 hoo
480 1079 583 1145 genus
595 1057 804 1154 iutelhgnnt.N
827 1045 1033 1146 Quemquam
1047 1077 1268 1149 reapse-nemo

67 1161 181 1228 omnino
195 1181 268 1235 esse
283 1165 394 1250 potest
409 1159 479 1226 sine
492 1159 579 1226 omni
593 1159 839 1248 philosophandi
854 1161 995 1240 rationes
1013 1161 1196 1232 homoesse
1206 1163 1268 1230 de-

68 1262 183 1342 sineret,
199 1263 255 1350 qui
268 1265 414 1330 ueterum
429 1262 578 1329 sensibus
590 1267 629 1329 et
650 1286 729 1330 suns
746 1266 856 1328 mente
873 1263 1044 1350 praeditus
1059 1265 1152 1336 uallo
1169 1265 1268 1335 modo

66 1363 348 1454 philosopharetur,
361 1365 384 1430 i.
396 1387 425 1440 e,
438 1385 630 1452 eognosoem
645 1367 764 1432 areret.
788 1365 855 1438 Sed
864 1364 1089 1453 plerorumque
1104 1368 1269 1436 hominum

66 1466 257 1556 philosophia
269 1473 419 1536 nontam
433 1469 467 1534 in
479 1467 632 1556 prudenti
651 1466 800 1534 doctrine
821 1469 891 1532 arte
908 1467 1137 1555 progrediente
1156 1489 1268 1538 seusu

65 1571 118 1648 tur,
133 1591 229 1657 quem
243 1569 278 1637 in
290 1570 426 1639 neone.
449 1568 729 1652 Quemadmodum
741 1572 862 1647 autom,
877 1569 929 1636 oui
943 1589 1047 1656 neque
1062 1569 1270 1637 oenliessent

65 1693 154 1758 neque
168 1693 299 1752 munus,
313 1673 343 1740 is
358 1693 399 1740 ex
418 1671 559 1738 maxims
577 1672 709 1758 frugum
729 1669 821 1760 eopia
841 1675 876 1738 et
893 1661 1089 1762 optimarum
1110 1675 1144 1738 et
1159 1671 1268 1761 pessi-

64 1795 174 1840 nsrum
187 1797 335 1864 promere
347 1775 489 1865 optimas
505 1797 569 1842 non
583 1777 696 1863 possut
709 1773 774 1840 nisi
785 1795 840 1840 ore
850 1773 927 1864 ipse
937 1773 1084 1860 singulus
1097 1772 1266 1862 psohmu:

65 1872 103 1940 sie
116 1877 169 1966 qui
179 1900 220 1944 ne
235 1877 364 1944 nodone
379 1877 508 1967 quidem
523 1875 768 1965 philosophandi
782 1877 906 1944 ratione
921 1879 1143 1946 utereturnen
1152 1879 1269 1966 posset

65 1975 169 2064 placita
182 2001 260 2047 vera
275 2001 316 2046 ex
334 1980 426 2046 falsis
449 1979 585 2066 seligere
605 1977 669 2043 nisi
690 1979 862 2046 vivendo
885 1979 992 2048 omnia
1011 1979 1182 2068 probaret,
1199 2001 1269 2068 que

65 2080 160 2148 umen
174 2081 366 2172 probatione
380 2082 510 2172 periret.
554 2080 744 2162 Quinetiam
763 2081 842 2148 haee
861 2067 1010 2170 pudbatio
1030 2080 1189 2167 quomodo
1203 2081 1270 2150 ‚sae

64 2183 157 2250 neseio
178 2185 249 2251 sine
270 2184 358 2251 omni
381 2183 597 2271 cognoscendi
621 2183 759 2250 untione.
797 2183 871 2270 -Sed
895 2175 1078 2262 videamus,
1105 2205 1187 2273 quo,
1208 2183 1270 2274 *qu

62 2278 252 2354 Clementem
283 2288 459 2352 duleursxhs
491 2287 626 2364 vocant,
638 2301 644 2318 ⁹
657 2284 814 2350 nituntur.
868 2283 1004 2350 Habent
1032 2285 1136 2372 igitur
1160 2285 1269 2376 ipsi-ue
1353 2309 1357 2318 ’

63 2391 190 2456 suetonis
210 2387 327 2467 verbu,
348 2411 436 2478 :quse
456 2388 608 2456 videntur
634 2409 707 2454 esee
727 2385 949 2476 apertissima.
994 2383 1268 2456 Clemeneenim:

62 2487 326 2581 „Philosophiam
340 2491 457 2582 inquit,
473 2513 577 2580 neque
593 2491 737 2558 Stoioans
752 2489 833 2568 dieo,
857 2511 965 2580 neque
978 2487 1192 2570 Platonicum,
1210 2512 1270 2560 ne-

63 2609 113 2678 que
126 2593 333 2685 &inurens-m,
354 2617 459 2685 neque
479 2593 729 2671 Aristotelem
754 2592 811 2660 sed
831 2611 1041 2683 quaeeunque
1061 2591 1103 2660 eh
1123 2615 1269 2685 uusquu-

63 2713 113 2781 que
133 2696 250 2764 harum
271 2699 433 2763 sectarum
452 2700 539 2762 reete
559 2696 647 2764 diets
668 2698 755 2774 sunt,
776 2717 860 2786 quae
872 2693 997 2762 -doeent
1009 2694 1175 2763 :iustitium
1194 2719 1269 2767 erun

61 2793 271 2880 piasoientia:
291 2799 362 2864 hoo
382 2802 513 2864 totum
534 2799 727 2864 selectum
745 2799 818 2864 dieu
830 2796 1083 2888 philosophiam
1105 2819 1269 2888 quassum

60 2899 115 2986 que
135 2906 246 2970 eutem
272 2899 423 2966 humanis
452 2902 604 2990 separata
631 2898 932 2977 ratiocinationibus
959 2899 1200 2977 adulterarunt,
1226 2920 1270 2966 eu

60 3017 211 3092 nunquam
226 3003 363 3070 dixerim
373 3001 510 3070 divina“
521 3008 560 3082 ¹).
581 3001 651 3067 Ium
667 2999 754 3086 quid,
770 3023 901 3090 quaeso,
917 3023 957 3066 ex
972 3000 1023 3066 his
1037 2999 1146 3066 verbis
1160 3000 1267 3087 magis

61 3105 455 3196 neeessariooonsequitur,
469 3103 651 3194 qusmhuee
662 3103 841 3169 sententia:
857 3103 945 3169 Nihil
956 3125 996 3169 ex
1009 3101 1269 3199 ouiusvisseptne

61 3199 143 3272 dietis
170 3190 339 3295 seligunt
357 3207 506 3274 dietum
533 3205 581 3272 ab
610 3205 716 3294 ipsa,
742 3205 800 3272 sed
818 3202 1268 3296 si‘quidiuquulibetverum

61 3309 237 3394 reperiatur,
251 3309 313 3376 hoe
328 3309 440 3398 seligo,
456 3309 815 3399 quamvisetiempravn
826 3311 942 3375 usesta
957 3307 1141 3385 defensum
1161 3307 1268 3397 seligo

62 3409 136 3474 enim
149 3411 308 3500 quidquid
323 3435 394 3478 eam
410 3412 511 3478 solam
525 3413 566 3480 ob
582 3433 723 3487 oausam,
747 3411 839 3496 quia
853 3428 996 3479 verum.
1019 3411 1142 3480 Utrum
1156 3415 1266 3480 autem

61 3504 168 3597 aliquid
181 3537 295 3582 verum
310 3514 365 3592 sit,
381 3537 423 3580 an
436 3513 555 3592 minus,
575 3513 635 3580 hoe
650 3509 801 3580 Clemens
823 3516 915 3580 etune
936 3515 1030 3592 extra
1051 3517 1159 3582 seotus
1179 3513 1266 3581 iudi-

61 3627 122 3680 eare
135 3639 173 3684 ao
187 3617 369 3684 disseruere
385 3615 490 3682 debet·
513 3616 564 3680 At
577 3615 749 3694 enimvero,
765 3615 922 3682 ubinam
938 3617 1042 3691 stat,
1053 3615 1078 3680 i.
1093 3637 1121 3681 e.
1138 3615 1267 3702 qualem

60 3707 119 3796 ipse
132 3719 293 3786 rationem
309 3719 428 3786 statuit
442 3718 602 3785 essentias
617 3717 703 3784 inter
718 3720 752 3784 et
766 3717 831 3784 vim
847 3717 1267 3804 eognosoeudihumunsml

59 3808 141 3885 Haeo
160 3822 308 3910 quaestio
328 3819 369 3887 de
389 3818 558 3889 Clemente
586 3817 792 3908 philosopho,
819 3842 915 3906 quum
935 3824 1035 3886 ‘nemo
1053 3802 1175 3898 suosve,
1201 3820 1267 3890 ino

60 3915 196 4016 sttiugit,
222 3925 279 4012 qui
298 3947 372 3992 eum
392 3923 566 3991 exuamus
590 3943 664 3988 erse
685 3923 854 4010 professus
881 3921 1069 4009 sequiesoit
1105 3919 1266 3992 :Clemens
1392 3967 1394 3972 -

60 4023 157 4092 autem
176 4026 248 4095 loeo
260 4027 322 4094 illo
343 4025 424 4093 duos
451 4023 575 4092 refutat
594 4023 812 4102 adversarios,
838 4043 975 4111 quorum
995 4023 1089 4093 alteri
1109 4023 1192 4094 hano
1212 4023 1267 4093 uel

58 4113 137 4191 illem
152 4131 274 4196 sectam
290 4127 394 4196 seouti
409 4108 625 4194 omnia'huius
641 4125 762 4214 plsoitu
773 4148 834 4215 pro
848 4126 934 4193 veris
956 4125 1122 4194 hebebant
1131 4127 1175 4194 ut
1187 4149 1265 4216 pro·

58 4215 142 4293 festis
162 4253 182 4296 u
204 4235 313 4300 seotse
334 4234 465 4298 auotore
486 4251 525 4296 ao
545 4228 707 4318 principe,
728 4227 833 4306 alteri,
854 4232 1063 4316 quaeeunque
1075 4227 1266 4318 philosophi

58 4320 238 4415 tuebuntur,
266 4355 306 4401 ea
325 4331 437 4400 omnis·
452 4329 536 4398 hune
555 4330 662 4420 ipsam
681 4329 722 4398 ob
742 4351 890 4416 oausam,
917 4333 1004 4420 qued
1020 4330 1207 4421 philosophi
1221 4351 1266 4402 eu

59 4433 466 4517 monasteriensium
488 4453 561 4504 esso
581 4432 831 4502 urbitrebantur.
872 4434 949 4504 Hoe
971 4454 1072 4506 unum
1091 4433 1144 4504 hie
1155 4432 1268 4504 «oddus
1299 4513 1302 4521 f
1345 4533 1347 4542 Ι

106 4648 130 4719 ¹)
145 4651 239 4717 strom.
250 4655 272 4716 Ι.
283 4654 382 4723 ptus,

1009 4740 1063 4830 pfl&
1115 4774 1117 4778 .
