2830 5052
730 331 794 399 118

156 521 300 591 tionibus
318 519 395 586 fidei
413 517 599 600 contrariis,
626 519 775 586 veritatis
789 518 1031 606 inquisitionem
1045 517 1228 604 fugientes,
1248 515 1355 582 iontem

152 625 367 716 aquaevivae
387 644 426 688 ac
444 645 544 710 purae
558 624 690 690 turbare
705 623 820 689 solent.
864 621 959 700 „Nisi
978 621 1063 686 enim
1081 619 1290 696 credideritis,
1303 641 1356 684 uon

55 769 57 775 ι
154 727 380 814 intelligetis.“
423 723 513 806 Quid
526 729 642 792 autem
663 727 808 803 credere,
822 724 900 810 quid
918 723 1019 790 fides?
1041 723 1140 788 Fides
1162 724 1216 788 est
1230 719 1357 808 acceptio

153 827 350 904 uoluntaria,
370 829 669 918 assensiolpropter
688 827 740 893 dei
758 827 1008 903 venerationem,
1029 847 1169 904 „rerum
1190 845 1273 908 quae
1297 845 1357 910 spe-

157 935 283 1007 rantur,
300 930 496 1009 substantia,
512 933 739 1019 argumentum
754 951 875 1006 earum,
892 949 973 1018 quae
987 949 1051 992 non
1067 927 1251 992 videntur.“
1273 925 1359 1002 „Sine

155 1034 222 1100 fine
236 1035 344 1100 autem
359 1032 559 1121 impossibile
573 1035 627 1098 est
640 1033 700 1098 deo
714 1031 874 1120 placere.“
900 1031 1021 1117 Itaque
1032 1029 1087 1114 qui
1101 1029 1219 1095 divinis
1235 1028 1358 1114 scriptu·

157 1139 204 1204 ris
218 1137 311 1202 firmo
326 1135 429 1201 eredit
442 1135 571 1213 iudicio,
586 1135 615 1199 is
631 1133 700 1198 eius
715 1134 771 1218 qui
787 1132 963 1220 scripturas
976 1131 1119 1214 donavit,
1131 1131 1152 1196 i.
1164 1154 1190 1196 e.
1202 1131 1256 1196 dei
1266 1151 1359 1196 vocem

158 1239 277 1327 accipit
290 1243 446 1324 tanquam
461 1235 785 1314 demonstrationem,
812 1237 863 1302 cui
884 1236 997 1322 nequit
1021 1235 1207 1302 contradici.
1252 1234 1359 1315 Quom-

155 1340 269 1407 obrem
280 1363 386 1431 neque
401 1339 685 1415 demonstratione,
703 1345 799 1424 (quae
810 1359 850 1404 ex
865 1339 912 1403 rei
927 1338 1089 1404 evidentia
1101 1340 1358 1425 argumentatur),

157 1443 238 1509 fides
263 1443 303 1508 fit
325 1442 456 1508 firmior.
500 1441 590 1524 Quid
615 1446 713 1528 ergo?
749 1441 834 1507 Num
859 1441 962 1526 igitur
985 1440 1076 1518 fides,
1107 1441 1202 1526 quasi
1228 1440 1359 1508 Sirenum

152 1549 268 1623 cautu,
284 1545 354 1610 sine
368 1545 435 1610 ulla
450 1527 725 1610 demonstratione
740 1546 775 1609 et
789 1566 887 1632 opera
900 1545 1014 1610 nostra
1026 1543 1193 1610 nascitur?
1205 1546 1260 1630 1).‘

220 1647 376 1714 Basilidis
398 1646 527 1731 quidem
555 1648 733 1712 sectatores
753 1649 873 1734 putant
897 1645 993 1712 fidem
1017 1647 1091 1712 e'sse
1113 1648 1284 1712 naturae
1305 1643 1358 1708 do·

156 1775 264 1829 num,
280 1750 321 1816 ab
336 1749 422 1815 omni
433 1748 708 1813 demonstratione
721 1750 890 1825 semotum,
903 1747 972 1814 sola
983 1747 1249 1836 comprehensum
1260 1749 1358 1812 mente

45 1879 48 1890 ¹
158 1853 287 1936 Quodsi
301 1873 413 1918 verum
428 1852 527 1926 esset,
542 1849 711 1916 tolleretur
725 1853 793 1916 tam
809 1851 904 1942 culpa
919 1874 1014 1939 quam
1030 1851 1192 1928 meritum,
1205 1873 1302 1940 quum
1314 1871 1358 1914 na·

157 1959 252 2022 turae
268 1955 474 2038 eiusdemque
489 1952 677 2018 necessitati
698 1955 732 2018 et
745 1951 817 2018 laus
832 1953 1005 2046 tribuenda
1019 1956 1108 2018 esset
1121 1955 1156 2018 et
1170 1951 1357 2041 vituperatio.

157 2057 340 2146 Appetitas
361 2055 564 2130 necessarius
584 2050 729 2121 vel'fidei
749 2055 801 2121 vel
820 2055 916 2121 huius
931 2055 1144 2121 recusationis
1160 2077 1260 2122 causa
1278 2056 1356 2128 essct,

157 2161 287 2248 minime
303 2182 378 2225 vero
393 2158 495 2224 libera
515 2157 640 2236 electio,
660 2158 695 2225 in
715 2181 779 2243 qua
800 2157 869 2224 sola
888 2157 983 2244 eulpa
1003 2156 1141 2222 vertitur
1162 2160 1199 2223 et
1213 2159 1356 2224 meritum.

157 2261 226 2331 Sed
241 2259 297 2328 uti
311 2283 407 2350 porro
422 2262 510 2326 esset
524 2260 604 2337 eius,
621 2262 677 2345 qui
692 2261 865 2346 aliquando
879 2283 944 2326 non
954 2257 1154 2338 credidisset,
1165 2259 1357 2350 poenitentis,

158 2389 224 2454 qua
237 2365 286 2442 fit,
307 2368 346 2430 ut
366 2351 500 2450 peccata
519 2363 749 2428 remittantur?
771 2363 839 2428 Neo
859 2363 1023 2448 baptisma
1042 2358 1105 2426 erit
1125 2364 1246 2430 rationi
1260 2382 1346 2429 conve

157 2467 262 2546 niens,
277 2489 338 2532 nec
352 2466 483 2532 beatum
500 2464 652 2554 sigillum,
672 2487 732 2530 nec
751 2465 849 2540 filius,
869 2485 929 2529 nec
946 2463 1061 2529 Pater:
1084 2465 1143 2530 sed
1162 2465 1255 2544 deus,
1270 2464 1356 2538 credo,

157 2569 221 2636 erit
235 2569 299 2635 illis
314 2572 504 2634 naturarum
524 2565 711 2632 distributio
730 2566 796 2644 illa,
818 2589 900 2651 quae
920 2566 1026 2645 fidem,
1044 2567 1171 2654 ¹salutis
1183 2567 1358 2634 fundamen·
1395 2601 1396 2612 .

158 2675 241 2748 tum,
257 2670 473 2737 voluntariam
487 2668 674 2734 nonhabet.
703 2669 754 2734 At
768 2691 844 2734 vero
859 2673 982 2746 noa-ut
998 2670 1052 2756 qui
1067 2671 1202 2736 liberam
1216 2666 1356 2758 deligendi
1395 2691 1396 2700 ¹

157 2774 366 2860 fugiendique
386 2773 584 2860 potestatem
604 2771 786 2836 hominibus
808 2793 827 2836 a
846 2771 988 2837 Domino
1009 2795 1082 2838 esse
1101 2773 1214 2839 datam
1234 2797 1273 2839 ex
1288 2771 1317 2839 S.
1331 2768 1356 2834 S.

158 2875 338 2964 Scripturis
354 2873 581 2960 acceperimus,
597 2873 862 2940 constantissimo
875 2873 1004 2952 iudici0,
1015 2875 1088 2952 fide,
1102 2875 1254 2964 spiritum
1264 2879 1356 2944 osten·

154 2978 272 3043 dentes
287 2982 484 3066 promptum,
504 2976 757 3062 acquiescamus,
776 2979 815 3042 ut
828 2977 930 3042 vitam
943 2977 1112 3064 eligamus,
1133 2977 1230 3064 Lego
1244 2977 1356 3044 creden·

154 3082 220 3157 tes,
237 3081 291 3166 qui
311 3081 384 3168 ipsa
403 3083 455 3146 est
475 3079 607 3146 veritas.
653 3077 731 3144 Sine
756 3079 856 3144 libero
881 3079 984 3164 igitur
1008 3082 1122 3146 nostro
1140 3083 1274 3149 arbitrio
1292 3065 1356 3147 fides

157 3183 248 3248 nasci
262 3183 385 3272 nequit.
409 3183 475 3250 Sed
490 3180 567 3272 quid
581 3183 749 3269 praeterea
762 3179 1264 3266 requiritur?Subiiciuntur'hic
1278 3183 1356 3274 quat·

157 3287 233 3350 tuor
252 3285 408 3349 examini:
432 3307 558 3362 sensus,
581 3307 683 3360 mens,
712 3282 856 3360 scientia,
877 3283 995 3371 opinio.
1040 3284 1086 3350 Et
1111 3309 1227 3354 sensus
1245 3287 1356 3377 quidem

83 3410 90 3416 ·
126 3409 132 3422 ’
157 3385 279 3473 gradus
295 3390 348 3451 ost
361 3387 562 3452 necessarius
578 3387 619 3451 ad
636 3384 814 3462 scientiam,
830 3385 1003 3451 adiuvante
1012 3389 1126 3454 tamen
1141 3394 1259 3456 mente.
1288 3385 1355 3456 Nan

157 3492 192 3554 et
206 3489 325 3555 mentis
341 3487 581 3574 comprehensio
597 3492 631 3554 et
646 3509 761 3552 sensus
777 3471 1054 3573 perceptio'habet
1068 3493 1232 3579 propriam
1242 3491 1354 3560 eviden-

156 3591 247 3656 tiam.
291 3591 344 3656 Es
359 3591 407 3656 eis
422 3594 541 3666 autem,
559 3612 640 3678 quae
663 3593 741 3654 sunt
755 3589 926 3667 evidentia,
943 3590 1218 3661 demonstratione
1231 3587 1354 3682 aequiri-

106 3741 109 3747 -
155 3696 212 3758 tur
227 3693 373 3770 scientia,
389 3685 471 3782 quae
491 3692 630 3778 quidem,
642 3693 675 3757 si
696 3693 736 3756 ad
751 3691 903 3756 coelestia
925 3695 1076 3780 pertinet,
1092 3719 1211 3763 novum
1226 3691 1354 3786 postulat

155 3793 293 3871 oculum,
314 3817 431 3860 novam
451 3817 570 3880 aurem,
591 3817 709 3862 novum
730 3816 794 3872 cor,
814 3795 848 3860 id
864 3797 950 3885 qnod
965 3797 1076 3884 Leges
1097 3801 1220 3866 indicat
1234 3799 1281 3864 his
1295 3814 1353 3860 ver·

155 3895 223 3962 bis:
247 3917 342 3973 „ecce
361 3887 445 3962 facio
465 3919 559 3975 nova,
581 3920 663 3986 quae
685 3895 797 3964 oculus
813 3903 930 3978 (vetus,
947 3903 985 3965 ut
1000 3923 1072 3966 esse
1087 3902 1184 3980 solat)
1199 3925 1262 3968 non
1275 3895 1351 3966 vidit

154 3999 315 4064 nectaris
331 3999 466 4076 audivit,
482 4021 541 4066 nec
554 3999 589 4064 is
603 4001 810 4067 corhominis
822 4003 1070 4076 ascenderunt.“
1091 4003 1168 4070 Jam
1178 4023 1254 4070 vero
1265 4001 1351 4066 soien-

155 4099 251 4178 tiam,
272 4101 381 4166 modo
408 4101 666 4180 voluerimus,
687 4103 768 4167 fides
792 4103 947 4188 sequitur.
967 4105 1046 4169 ¹Est
1061 4105 1161 4188 enim,
1177 4103 1351 4172 aitAristo·

151 4200 247 4276 teles,
263 4201 343 4267 fides
359 4203 449 4281 illud,
465 4204 551 4289 quod
567 4203 733 4269 scientiam
749 4206 967 4290 consequitur,
982 4207 1188 4288 iudicium,
1205 4229 1275 4294 quo
1289 4199 1350 4266 ali-

151 4303 248 4387 quid
263 4325 396 4370 varum
410 4329 497 4372 esse
512 4306 745 4372 iudicamus.
778 4307 894 4398 itaque
908 4307 987 4374 fides
1003 4310 1138 4376 seientia
1149 4301 1351 4400 praestantior

154 4404 264 4470 eradit
282 4405 451 4495 ipsiusque
473 4409 636 4496 κριτήριον.
682 4406 803 4498 Opinio
828 4414 937 4478 eutem
961 4397 1036 4480 fidei
1060 4414 1190 4482 tantum
1209 4399 1348 4478 imitatri¹

159 4541 362 4556 *ιιι-η.-

93 4695 96 4700 .
209 4626 236 4693 ¹)
253 4627 438 4695 urso-ua
