2830 5052
62 539 264 618 continentiae,
293 539 390 626 idque
409 537 621 609 tutissimum.
664 537 811 622 „Omnia
829 536 914 604 enim
939 535 1054 616 licent,
1087 535 1135 602 ait
1152 536 1245 626 Apo·
1367 573 1374 584 =

62 643 152 722 stolus,
167 643 299 710 sednon
313 642 421 710 omnia
434 641 644 728 expedimur
674 643 724 709 Ut
738 663 834 731 porro
848 642 883 708 et
898 639 954 730 qui
968 638 1247 718 incontinentiam,

61 745 178 832 elegerit,
191 747 225 811 ct
239 745 295 835 qui
307 745 549 823 continentiam,
565 745 756 832 situtcrque
768 765 869 832 aeque
881 765 1025 821 securus,
1042 741 1126 808 haud
1138 745 1246 810 tamen

62 849 205 932 utumque
228 869 270 914 ex
294 869 397 933 aequo
421 846 603 925 honestum.
653 847 747 917 Prior
772 847 857 912 enim
881 846 1006 934 corpori
1029 847 1248 934 gratificatum

64 946 122 1013 alter
134 950 273 1036 corporis
291 949 453 1018 dominam
471 948 589 1016 liberat
608 947 952 1037 aperturbationibus.
971 1027 975 1031 p
997 947 1064 1016 Sed
1080 949 1106 1014 si
1121 949 1247 1016 indiffe-

67 1069 115 1114 rers
128 1049 211 1117 vitae
222 1071 328 1138 ganne
343 1051 548 1139 deligendum
563 1055 626 1130 est,
641 1049 798 1139 quidquid
807 1049 969 1138 cupiditas
984 1045 1168 1140 appetierit,
1183 1051 1248 1118 lar-

63 1151 201 1234 giendum
216 1153 306 1227 uude
319 1155 539 1246 consequitur,
560 1157 599 1225 ut
612 1152 870 1242 impudicissime
884 1175 1031 1243 quaeque
1046 1155 1114 1224 sint
1134 1177 1248 1243 perpe-

62 1251 150 1340 trmdr
164 1257 200 1322 st
209 1279 315 1342 quam
327 1257 466 1326 maxime
480 1256 613 1326 nefaria.
644 1257 770 1340 Quodsi
784 1256 845 1325 bac
858 1256 931 1343 lege
941 1257 1014 1342 quis
1027 1257 1249 1345 uoluptatibus

60 1352 134 1422 luent
145 1357 262 1438 vietus,
276 1359 306 1426 is
321 1359 481 1446 quomodo
495 1359 639 1426 Domino
653 1357 914 1437 aemulabitur,
930 1359 982 1426 vel
1001 1360 1099 1426 etiam
1119 1360 1171 1426 dei
1190 1357 1248 1426 ha·

61 1453 128 1524 bebit
140 1461 378 1548 cognitionem?
401 1463 450 1530 Et
463 1464 573 1530 tamen
590 1463 686 1532 huius
706 1462 794 1530 vitae
811 1462 886 1536 finis
905 1483 977 1528 esse
996 1453 1110 1548 debet,
1131 1464 1169 1528 ut
1189 1461 1249 1528 deo

59 1559 261 1642 assimilemur,
285 1587 383 1651 quam
395 1567 534 1634 maxime
547 1565 617 1634 fieri
631 1566 787 1654 potuerit.
830 1565 890 1636 Sin
907 1564 978 1642 hoc,
998 1587 1096 1654 quam
1108 1562 1250 1631 maxims

58 1662 132 1730 etiam
145 1670 307 1754 purgatur
319 1668 415 1736 homo
428 1670 560 1757 oportet
578 1691 600 1734 a
612 1667 836 1757 voluptatibus
856 1691 895 1735 ac
913 1665 1108 1736 libidinibus.
1153 1665 1249 1732 Mens

59 1762 120 1830 enim
133 1789 230 1852 quum
249 1791 333 1858 pura
347 1770 402 1850 nit,
423 1793 507 1858 quae
521 1771 586 1840 vim
601 1771 653 1841 dei
673 1772 823 1862 recipiat,
850 1771 960 1838 diviua
978 1771 1013 1836 in
1033 1769 1106 1858 ipsa
1126 1766 1250 1834 criente

59 1862 181 1953 iuap’ne,
196 1853 373 1943 litidonee.
416 1873 563 1963 Namque
578 1873 723 1944 homiues
738 1874 919 1962 perturbati
941 1873 1036 1940 deum
1045 1891 1250 1959 ,cognoscere

62 1975 212 2058 rausum
235 1995 316 2062 crgo
335 1997 378 2042 ue
397 1977 489 2063 sp'em
507 1977 637 2066 quidem
657 1978 887 2066 adipiscentur.
930 1975 995 2042 Dei
1020 1977 1131 2042 antem
1155 1974 1249 2062 igno·

64 2073 156 2140 rutiac
169 2077 268 2166 cnlpc
281 2077 371 2144 cadit
382 2078 418 2146 in
431 2079 560 2148 vivendi
572 2080 748 2158 rationem3
763 2082 820 2166 qui
834 2081 940 2169 ipsum
951 2078 1148 2164 cognoverit,
1164 2075 1250 2161 haud

60 2179 229 2257 pemseia
253 2180 359 2270 qualia
374 2182 527 2269 cognitio,
543 2180 611 2248 vita
625 2181 713 2258 tulis,
729 2184 764 2248 et
777 2182 846 2248 vite
860 2173 981 2272 qualis,
992 2180 1073 2268 talis¹
1084 2178 1181 2244 altior
1193 2177 1250 2247 illa

58 2277 184 2360 ogeru.
227 2281 319 2352 Neve
338 2284 448 2352 dicant
460 2283 661 2362 libertatem,
682 2284 861 2372 voluptatis
882 2283 1088 2360 servitutem3
1110 2279 1145 2346 id
1164 2279 1249 2362 enim

55 2373 131 2448 luerit
142 2382 241 2462 idem,
255 2388 355 2475 atque
370 2385 466 2455 bilem
481 2387 643 2476 appellere
657 2387 793 2454 dulcem.
822 2387 853 2452 N
854 2409 890 2453 os
902 2407 978 2452 vero
993 2407 1063 2452 eam
1079 2382 1250 2450 didicimus

54 2497 108 2546 esse
120 2481 315 2566 libertatem,
331 2509 396 2577 qua
411 2488 572 2558 Dominus
587 2513 646 2558 nos
661 2490 788 2568 liberat,
804 2513 824 2556 a
838 2487 1073 2578 voluptatibus,
1089 2486 1250 2575 cupidita·

53 2579 122 2650 tibus
132 2588 330 2680 reliquisque
345 2590 642 2679 perturbationibus
658 2592 821 2660 solvendo·
865 2591 955 2674 „Qui
970 2590 1065 2656 dicit:
1087 2587 1164 2656 novi
1178 2586 1249 2654 Do·

53 2683 164 2768 ninum,
179 2696 216 2760 et
232 2685 387 2760 mandata
401 2693 471 2762 eius
486 2716 550 2762 non
566 2699 684 2770 servat,
699 2696 837 2778 mendax
851 2698 937 2762 est.“
972 2693 1097 2760 Contra
1112 2691 1250 2758 alterum

50 2789 139 2857 cutem
152 2793 391 2902 haereticorum
402 2817 525 2883 genus,
558 2799 614 2886 qui
635 2799 708 2887 ipsa
734 2797 933 2864 continentia
959 2795 1056 2886 impie
1075 2817 1110 2860 se
1130 2793 1250 2880 gerunt

51 2907 132 2974 quum
144 2895 179 2962 in
192 2919 248 2964 res
263 2900 389 2967 creatas
403 2903 474 2966 tum
491 2899 525 2966 iu
541 2903 688 2966 sanctum
704 2900 873 2990 Opifieem,
887 2899 983 2989 deum
997 2897 1249 2986 omnipotentem
1292 2914 1295 2920 ’

52 3025 82 3038 -
99 2994 209 3066 dicunt
221 2999 314 3070 ,enim
334 3023 399 3068 non
419 3023 492 3070 esse
511 3002 731 3091 recipiendum
751 3000 991 3066 matrimonium
1011 2999 1249 3085 liberorumque

52 3100 299 3180 procreationem,
319 3125 424 3193 neque
438 3104 472 3170 in
486 3105 641 3170 mundum
652 3104 732 3170 elios
743 3102 993 3170 introducendos
1004 3099 1147 3166 infelices
1159 3097 1249 3162 lutu-

50 3212 101 3273 ¹⁰⁸2
114 3223 218 3294 neque
234 3206 330 3272 morti
351 3207 621 3296 suppeditandum
643 3201 847 3284 alimentum3
864 3244 905 3254 -
933 3207 1046 3272 contra
1066 3203 1125 3269 hos
1147 3200 1249 3288 igitur

50 3292 213 3374 haereticos
227 3305 307 3374 haec
320 3308 465 3376 dicenda.
490 3308 616 3374 Primo:
633 3309 708 3388 „lix
719 3309 811 3376 nobis
822 3308 980 3386 exierunt,
997 3307 1131 3374 sednon
1145 3306 1249 3381 erant,

50 3417 82 3464 ex
95 3405 218 3474 nobis.“
262 3409 391 3476 Deinde
414 3414 551 3481 naturae
569 3413 765 3481 necessitate
786 3415 895 3480 ortum
918 3412 1066 3503 sequitur
1086 3407 1248 3479 interitus.

50 3497 241 3590 nexantem,
256 3510 394 3580 honesta
408 3514 555 3602 eligendo
569 3515 785 3593 matrimonia,
800 3515 971 3582 liberorum
984 3512 1248 3604 procreationem,

50 3603 122 3674 vitae
135 3611 387 3692 institutionem,
403 3615 444 3682 ab
457 3617 620 3684 iniustitia
631 3619 673 3684 ad
685 3619 845 3686 iustitiam
860 3618 933 3685 vult
946 3618 1113 3686 deducere.
1143 3611 1249 3702 Atqui

49 3703 197 3782 Dominus
223 3739 311 3795 „uon
331 3717 420 3784 venit
444 3719 487 3786 ad
508 3720 694 3788 solvendam
711 3721 850 3810 Legem,
873 3723 929 3788 sed
954 3708 1250 3808 adimplendamf‘

50 3805 122 3880 Tdm
135 3839 226 3898 vero,
242 3819 298 3909 qui
317 3819 489 3888 liberorum
508 3824 761 3911 pmcreationem
781 3825 913 3914 omnino
936 3823 1123 3913 prohibent,
1138 3825 1249 3887 tamen

49 3907 101 4000 ipsi
116 3941 253 4012 quoque,
273 3923 349 4012 quia
362 3926 521 4013 procreati
537 3930 625 4005 sunt,
640 3927 764 3994 vivunt.
809 3927 875 3994 Sed
890 3928 948 4004 eis,
964 3926 1018 4016 qui
1035 3927 1114 3990 sunt
1127 3922 1249 3990 sancti-

49 4011 108 4096 ltte
126 4021 253 4104 donati,
289 4029 438 4092 sanctum
467 4029 565 4094 etiam
587 4029 651 4096 erit
671 4051 789 4096 semen.
832 4031 974 4097 Sanctus
1001 4028 1129 4117 quidem
1154 4025 1248 4096 uobis

50 4115 160 4190 sitnon
176 4125 279 4194 solum
295 4128 446 4218 spiritus,
467 4130 525 4198 sed
536 4127 576 4196 'et
589 4153 694 4198 mores
707 4133 812 4200 sancti
828 4133 906 4211 sint,
927 4136 961 4198 et
975 4131 1054 4209 vita,
1072 4132 1107 4196 et
1120 4151 1248 4218 corpus.

49 4213 197 4296 Dominus
213 4252 306 4296 eone:
322 4232 450 4316 „Eritis
465 4232 539 4311 duo,
554 4233 672 4323 inquit,
692 4235 725 4300 in
741 4257 836 4300 carne
850 4245 949 4302 una.“
972 4231 1084 4313 „,Sed
1102 4237 1179 4322 post
1197 4253 1249 4298 re·
1311 4289 1314 4303 ,

50 4329 278 4410 surrectionem,
293 4333 341 4398 ait
351 4332 442 4412 alias,
457 4357 517 4403 nec
527 4359 660 4404 uxorem
674 4338 808 4416 ducunt,
823 4360 882 4405 nec
893 4335 1054 4402 nubunt.“
1083 4334 1155 4402 Nisi
1166 4333 1249 4400 sorte

51 4439 116 4510 ergo
130 4430 185 4500 isti
199 4433 264 4500 iam
279 4440 537 4519 resurrexerunt,
561 4441 800 4507 matrimonium
822 4440 1001 4526 agnoscant
1017 4441 1156 4527 oportet.
1200 4437 1250 4502 At
1354 4441 1357 4446 '

50 4542 114 4637 ltro
127 4537 273 4604 esuriunt
291 4541 327 4604 et
342 4538 474 4619 sitiunt,
503 4563 586 4630 quae
605 4542 821 4631 appetitiones
836 4544 912 4631 post
931 4539 1197 4612 resurrectionem
1214 4539 1249 4603 et

51 4645 128 4715 'tlte
138 4636 222 4708 haud
236 4641 446 4730 reperientur.
490 4643 603 4732 Neque
616 4667 692 4713 vero
703 4645 838 4738 quaevis
851 4644 1050 4714 abstinentia
1064 4643 1169 4710 virtue
1184 4646 1248 4724 est,
