2820 5052
713 281 777 348 220

641 375 843 405 „qm

138 465 217 538 mihi
231 489 472 558 proposueram.
516 465 764 554 Consequentur
782 489 861 556 ergo
880 489 985 556 neque
1005 489 1040 538 ss
1059 467 1145 556 gerit
1163 467 1283 556 impia·
1296 467 1348 534 sed

131 572 190 640 *vel
205 571 292 640 solus
307 571 360 660 pie
374 593 413 636 ac
428 571 540 638 sancte
553 569 631 637 colit
645 571 752 650 deum,
767 593 853 649 eum,
871 571 1014 658 inquam,
1034 571 1090 658 qui
1104 592 1180 638 vere
1195 573 1250 638 est
1263 569 1347 658 prin-

140 697 216 761 ceps
230 695 350 758 rexque
365 673 507 740 omnium
523 676 558 738 et
575 673 790 761 omnipotens,
801 695 880 740 vero
895 674 946 740 dei
961 671 1052 742 cultu
1066 671 1175 748 colens
1192 674 1306 738 sancte
1316 679 1348 754 ¹).

204 774 269 842 Est
282 775 377 853 enim,
397 779 436 842 ut
455 775 503 840 ita
519 775 637 854 dicam,
659 777 803 862 cognitio
822 775 960 844 hominis
981 778 1021 840 ut
1040 773 1179 842 hominis
1199 775 1348 862 perfectio

140 877 309 964 quaedam,
324 900 407 964 quae
420 897 527 944 rerum
542 877 723 946 divinarum
738 879 918 966 completur
929 877 1079 954 scientia3
1102 877 1264 956 moribus,
1274 876 1349 956 ¹vita,

141 1002 288 1064 sermone
303 1001 483 1065 congruens
498 981 767 1066 consentiensque
784 982 845 1048 sihi
861 985 895 1056 et
909 981 1003 1067 Logc
1024 977 1141 1046 divino.
1186 979 1266 1046 Hac
1277 979 1349 1046 fides

142 1082 318 1170 perficitur.
361 1082 426 1150 Est
443 1085 554 1153 autem
574 1083 654 1148 fides
676 1083 796 1156 honum
823 1082 954 1168 aliquod
978 1081 1174 1151 intrinsecus
1203 1083 1349 1170 positum,
1404 1153 1405 1184 1

144 1208 237 1272 quae,
257 1207 323 1278 non
343 1207 499 1269 quaerens
521 1185 627 1262 deum,
648 1183 733 1262 huno
752 1208 825 1252 esse
845 1185 1018 1254 confitetur
1037 1186 1072 1250 et
1090 1182 1257 1270 glorificat
1275 1183 1350 1268 exsi-
1404 1187 1405 1268 ᾖ

144 1291 292 1356 stentem.
315 1303 318 1306 ·
336 1286 464 1355 Deinde
484 1289 615 1374 oportet
633 1286 698 1352 fide
716 1290 842 1354 creseat
860 1287 913 1354 dei
932 1286 1086 1372 cognitio,
1106 1307 1190 1372 quae
1212 1285 1321 1354 differt
1336 1308 1350 1350 a

143 1390 313 1478 sapientia,
329 1412 425 1476 quam
441 1389 605 1456 discimus.
650 1385 815 1476 Cognitio,
831 1412 895 1475 qua
915 1388 1003 1466 talis,
1024 1411 1151 1477 semper
1184 1389 1351 1476 sapientia

144 1492 341 1560 contrarium
355 1491 441 1560 haud
455 1492 535 1558 item
553 1505 675 1558 verum.
720 1492 842 1561 Verum
863 1492 1024 1558 enimvero
1046 1491 1086 1558 de
1104 1491 1165 1558 deo
1184 1513 1254 1564 non
1272 1489 1351 1556 dubi·

146 1599 228 1672 tare,
255 1595 313 1662 sed
332 1594 471 1670 credere,
498 1593 693 1680 cognitionis
715 1581 771 1662 ¹est
794 1595 1050 1662 fundamentum.
1094 1593 1162 1663 Sed
1185 1597 1351 1678 utrumque

148 1692 301 1788 Christus
317 1699 380 1774 est,
395 1701 430 1762 et
443 1695 689 1767 fundamentum
705 1702 738 1764 et
753 1696 944 1774 aedificium,
962 1701 997 1764 et
1010 1697 1208 1786 principium
1227 1699 1263 1762 et
1280 1693 1350 1760 finis.

147 1801 195 1868 Et
209 1805 353 1866 extrema
369 1798 497 1884 quidem
513 1821 577 1867 nou
593 1800 760 1878 docentur,
775 1801 855 1866 fides
871 1803 906 1868 et
914 1799 1048 1869 caritas.
1071 1796 1230 1886 Cognitis
1244 1799 1351 1892 autem,

73 1963 78 1968 .
145 1927 230 1990 quae
245 1926 263 1970 e
277 1902 452 1969 traditione
467 1901 564 1994 datur
578 1902 630 1968 dei
645 1903 762 1988 gratia,
778 1902 880 1968 veluti
894 1903 1078 1989 depositum
1097 1902 1350 1988 quoddamoom·

147 2007 291 2074 mittitur
305 2005 363 2094 eis,
379 2003 574 2091 qui-seipsos
591 2005 737 2072 doctrina
752 2005 867 2090 dignos
884 2004 1097 2082 exhibuerint,
1118 2027 1160 2070 ex
1179 2027 1247 2090 qua
1261 2001 1352 2068 elucet

147 2108 295 2178 caritatis
321 2107 465 2193 dignitas
485 2129 528 2173 ex
553 2107 625 2176 luce
650 2109 684 2174 in
708 2108 823 2174 lucem.
867 2107 1049 2174 Habenti
1076 2106 1161 2172 enim
1188 2101 1349 2172 dabitur:

115 2198 117 2206 ’
148 2212 223 2278 fidei
239 2210 369 2294 quidem
383 2209 537 2295 cognitio,
553 2207 731 2296 cognitioni
745 2211 875 2290 caritas,
897 2209 1028 2276 caritati
1042 2209 1240 2279 haereditas.
1282 2205 1350 2272 Tra-

56 2306 59 2312 ’
146 2315 236 2382 ditur
250 2315 358 2378 autem
374 2312 517 2403 cognitio
531 2312 639 2399 dignis
655 2315 794 2390 tantum,
806 2311 862 2396 qui
872 2312 992 2378 maiore
1003 2313 1252 2400 praeparatione
1262 2309 1350 2377 vitae-
1404 2369 1405 2408 ,

149 2440 211 2504 que
227 2415 403 2482 sanctitate
419 2415 574 2500 superant
589 2414 749 2480 iustitiam
770 2437 812 2480 ex
830 2413 932 2500 Lege.
955 2477 960 2486 ,
976 2413 1043 2484 Sed
1064 2415 1169 2492 docet,
1192 2415 1350 2498 antequam

150 2519 307 2586 adfinem
327 2517 571 2584 interminatum
592 2516 725 2582 deducit
751 2517 1010 2604 perfectumque,
1034 2519 1096 2584 deo
1121 2515 1350 2586 convenientem
1404 2531 1405 2584 3

150 2642 224 2687 cum
246 2620 308 2686 diis
328 2620 458 2686 vivendi
477 2620 647 2688 rationem.
690 2619 880 2708 Redemptis
908 2624 1018 2690 autem
1043 2622 1078 2698 et
1096 2611 1252 2708 perfectis
1271 2635 1369 2717 pras-J
1404 2589 1405 2638 ¹

153 2723 253 2790 mium
279 2725 314 2788 et
331 2721 469 2788 honores
490 2722 624 2801 duntur,
651 2747 749 2810 quum
777 2723 977 2792 removerint
994 2747 1015 2790 a
1033 2723 1238 2812 purgatione,
1249 2738 1349 2812 pessa·
1404 2773 1405 2818 3

152 2826 259 2892 verint
284 2850 304 2894 a
329 2808 520 2912 quocunque
545 2825 608 2890 alio
634 2825 824 2910 ministerio,
846 2825 1058 2913 quantumvis
1085 2829 1200 2894 saneto
1224 2828 1259 2892 et
1281 2822 1350 2888 inter
1404 2893 1405 2910 χ

142 2929 297 2996 ‘sanctos
351 2926 437 2996 Tum
468 2950 544 2996 vero
575 2950 642 3006 eos,
673 2930 728 3014 qui
759 2930 870 2996 muudi
899 2929 1021 2997 fuerint
1044 2929 1149 3007 corde,
1173 2929 1210 2996 in
1234 2917 1350 3005 Domini

153 3029 430 3120 propinquitatem
454 3034 584 3098 evectos
610 3035 721 3098 manet
749 3035 925 3120 perpetuae
958 3031 1242 3122 contemplationis
1269 3021 1349 3092 resti-

155 3133 241 3202 tutio
263 3137 308 3209 ,et
340 3133 473 3210 deorum
516 3133 722 3221 appellantur
755 3136 899 3226 nomine,
934 3134 990 3223 qui
1018 3133 1054 3198 in
1085 3134 1207 3203 eisdem
1237 3125 1349 3198 sedibn

89 3259 92 3265 ’
156 3237 234 3302 sunt
258 3235 415 3314 collocati,
442 3235 617 3324 inquibus
643 3236 698 3304 alii
723 3236 779 3315 dii,
806 3237 863 3328 qui
889 3239 967 3304 sunt
992 3235 1088 3323 primi
1109 3235 1169 3304 sub
1197 3230 1350 3302 servans
1404 3289 1405 3318 2

154 3337 336 3405 constituti.
380 3336 485 3404 Velox
510 3340 620 3402 autern
645 3337 688 3402 ad
714 3337 939 3426 purgationem
964 3339 1118 3424 cognitio.
1161 3329 1351 3424 Quapropter
1404 3329 1405 3390 i

158 3438 252 3506 facile
266 3437 410 3504 traducit
424 3439 467 3504 ad
480 3439 524 3517 id,
537 3439 623 3527 quod
638 3444 690 3510 est
703 3441 830 3507 animae
845 3443 1031 3526 cognatum,
1044 3441 1190 3511 divinum
1200 3437 1349 3508 sanctum·
1404 3429 1405 3462 r

155 3565 228 3632 que,
243 3543 278 3608 et
291 3541 489 3616 transmittit
503 3563 561 3629 per
575 3543 730 3628 mysticos
745 3544 867 3634 proprii
878 3543 1045 3610 cuiusdam
1059 3543 1191 3612 luminis
1204 3533 1349 3630 profectus

156 3644 329 3722 hominem,
356 3644 456 3710 donec
477 3644 511 3710 in
533 3667 717 3732 supremum
744 3646 862 3736 quietis
882 3647 988 3714 locum
1007 3645 1190 3724 restituerit
1214 3634 1349 3742 mundun

138 3747 262 3825 ¹corde,
289 3747 408 3816 docens
427 3748 523 3814 deum
544 3745 682 3816 scienter
701 3753 736 3816 et
755 3771 829 3814 curn
855 3740 1137 3836 comprehensione
1159 3735 1350 3826 centempltss
1404 3741 1405 3818 i

32 3909 54 3946 Ι,
158 3848 240 3916 facie
255 3849 298 3914 ad
311 3849 435 3916 faciem.
463 3850 562 3918 Fides
578 3873 655 3938 ergo
670 3855 722 3920 est
735 3850 854 3930 brevis,
870 3854 910 3916 ut
923 3852 972 3916 ita
986 3851 1101 3930 dicam,
1116 3843 1348 3920 necessenorflm

158 3951 318 4038 cognitio;
341 3951 483 4038 cognitio
497 3957 606 4020 autem
620 3955 713 4022 firma
727 3977 766 4022 ac
782 3953 908 4036 stabilis
923 3976 1043 4032 eorum,
1061 3973 1150 4045 quae
1161 3953 1223 4022 fido
1237 3937 1349 4026 accepts
1404 4001 1405 4024 ,

160 4058 248 4132 sunt,
269 4054 513 4134 demonstratio,
534 4077 632 4144 supra
652 4057 748 4124 fidem
769 4056 903 4130 Domini
924 4056 1071 4122 doctrina
1090 4054 1264 4128 aedificata,
1282 4053 1348 4132 quus

104 4151 107 4158 ⁴
159 4157 358 4224 transmittit
371 4157 413 4222 ad
428 4168 498 4223 'eam
520 4159 747 4238 conditionem,
768 4182 833 4247 qua
851 4159 946 4226 homo
965 4157 1031 4224 labi
1051 4181 1116 4224 uon
1135 4157 1251 4248 potest,
1270 4148 1300 4214 Oi
1315 4132 1348 4204 fid

159 4240 474 4348 comprehensionem
489 4283 562 4326 eum
578 4260 723 4326 scientia.
767 4260 911 4327 Primum
926 4263 978 4328 est
998 4261 1100 4348 igitur
1118 4262 1208 4338 fides,
1228 4238 1347 4338 cosgssffl⁰
1402 4267 1405 4358 p

161 4363 308 4438 alterum,
323 4361 457 4428 tertium
463 4361 593 4442 caritas,
611 4386 693 4453 quae
706 4366 953 4451 cognoscentem
968 4364 1098 4452 cognito
1110 4363 1216 4432 reddit
1223 4348 1345 4426 similem·

207 4581 233 4650 1)
253 4549 438 4651 asceam.
877 4643 882 4658 ¹
1134 4611 1137 4620 »
1194 4609 1200 4620 -
1333 4577 1405 5024 Ι
