2820 5052
611 319 676 386 213

57 531 104 576 sua
117 530 150 576 se
163 509 280 597 sponte
290 506 474 596 praeceptis
490 507 638 586 subiieit3
654 508 711 594 qui
725 507 835 574 autem
849 526 915 574 non
925 505 1251 596 propterpraeoepta,

57 611 102 676 sed
114 613 241 698 propter
254 611 360 698 ipsam
371 598 591 697 ¹cognitionem
606 609 745 678 mundus
757 611 809 677 est
823 608 929 688 eorde,
943 609 973 675 is
988 609 1040 676 dei
1054 608 1177 674 amious
1192 611 1253 674 est.

55 711 149 798 Neque
162 713 249 780 enim
258 711 423 780 nascimur
437 713 559 780 virtute
573 713 723 802 praediti,
741 733 845 802 neque
858 710 937 776 haee
951 713 1125 798 postquam
1141 733 1253 778 sumus

56 814 118 892 uati,
137 818 174 890 ut
188 813 272 882 aliae
287 815 444 904 quaedam
459 817 600 904 corporis
621 819 749 904 partes,
766 815 891 882 aceedit
910 815 1025 904 postea
1041 813 1237 880 naturaliter
1243 837 1252 890 ;

57 936 140 1002 neque
164 917 397 984 consuetudine
412 920 446 984 et
460 941 523 984 usu
542 919 716 995 formatur,
740 920 784 982 ut
810 938 925 994 sermo,
954 915 1058 983 virtus
1078 915 1253 1004 perficitur,

59 1041 139 1106 nsque
151 1022 276 1088 exarte
290 1020 505 1107 protioiseitur
518 1022 677 1109 cogniti03
699 1041 803 1110 neque
814 1041 855 1084 ex
865 1018 1044 1106 disciplinis
1055 1016 1252 1096 liberalibus,
1342 1101 1346 1110 .

60 1143 171 1205 quarum
186 1124 241 1188 est
255 1142 448 1209 praeparare
462 1125 591 1190 tautum
602 1129 636 1190 et
650 1123 845 1188 ministrare.
875 1119 906 1186 N
908 1143 959 1184 am
973 1120 1063 1206 leges
1075 1119 1184 1186 civiles
1199 1141 1252 1185 ae-

57 1223 140 1294 tiones
152 1223 260 1292 malas
274 1224 364 1290 forte
378 1225 551 1313 reprimere
571 1230 726 1316 possunt3
750 1246 913 1292 sermones
933 1223 975 1288 ad
994 1222 1253 1310 persuadendum

56 1328 162 1392 tentum
185 1328 379 1414 comparati,
399 1328 603 1396 adventatis
620 1327 833 1396 stabilitatem
848 1348 913 1392 non
927 1325 1130 1412 perveniunt.
1173 1321 1252 1390 Phi-

53 1426 180 1515 losophia
194 1433 308 1496 autem
323 1429 450 1498 Graeca
462 1436 584 1519 purgat
603 1435 638 1498 et
651 1432 824 1518 praeparat
837 1428 976 1495 animam
994 1427 1037 1492 ad
1057 1426 1153 1492 fidem
1168 1421 1272 1492 aooi·'

53 1529 200 1614 piendam,
223 1555 323 1621 super
343 1555 439 1619 quam
457 1533 580 1608 teritos
600 1533 750 1620 aedificat
769 1522 950 1598 veritatem.
996 1529 1066 1596 Sed
1085 1527 1138 1594 hie
1156 1550 1252 1594 verus

53 1635 92 1698 est
104 1634 237 1714 athleta,
259 1635 363 1726 quiin
378 1657 497 1723 magno
513 1636 630 1715 stadio,
650 1636 685 1702 in
700 1634 833 1724 pulehro
853 1634 908 1700 illo
927 1631 1048 1698 mundo
1067 1633 1251 1710 coronatur,

53 1755 143 1802 veram
158 1741 333 1804 aaseautus
348 1737 519 1806 victoriam
535 1739 574 1804 de
589 1739 738 1806 omnibus
750 1737 847 1806 animi
857 1733 1168 1825 perturbationibus.
1185 1731 1253 1832 Ubi

48 1837 134 1910 ,etiam
148 1841 348 1927 ἀγωνοθέτης
367 1841 510 1911 est‘deus
525 1842 745 1929 omnipotens3
770 1841 825 1927 qui
844 1841 954 1906 autem
975 1836 1119 1925 praemia
1140 1833 1252 1900 distri·
1343 1839 1350 1848 ’

53 1937 123 2018 buit,
142 1941 334 2030 unigenitus
360 1941 412 2010 dei
432 1943 552 2024 Filius3
575 1949 674 2034 atque
700 1946 901 2032 spectatores
923 1941 1001 2006 sunt
1020 1937 1127 2026 angeli
1149 1939 1184 2004 et
1200 1937 1265 2028 dii.¹

54 2036 211 2111 Certamen
227 2067 305 2112 vero
319 2046 372 2110 est
386 2045 540 2112 adversus
562 2047 725 2136 spiritales
739 2048 939 2134 potestates,
961 2065 1043 2128 quae
1062 2064 1121 2130 per
1141 2062 1254 2106 oarnes
1283 2129 1286 2138 ¹

53 2149 220 2243 operantur¹
241 2147 448 2214 vehementes
477 2148 633 2230 vitiorum¹
654 2147 1000 2238 perturbationumque
1024 2147 1144 2210 motus.
1188 2142 1255 2226 Qui

52 2243 138 2330 igitur
151 2272 275 2337 magna
295 2250 374 2316 haee
387 2249 509 2338 proelia
524 2253 735 2339 superaverit,
749 2252 913 2318 tentatore
928 2249 1103 2336 prostrato,
1113 2247 1152 2338 ¹is
1167 2245 1254 2335 poti-

54 2347 95 2414 tus
109 2351 169 2418 erit
188 2353 445 2421 immortalitate.
491 2351 653 2421 Omnibus
674 2356 783 2420 autem
804 2339 987 2442 praemisa
1007 2349 1067 2415 deo
1087 2347 1270 2443 proposita,

54 2455 117 2517 eunt
127 2455 290 2541 aequalia3
306 2459 447 2522 mentem
458 2459 578 2536 autem,
589 2461 638 2536 ut,
650 2457 728 2544 quid
738 2479 885 2543 agamus,
899 2453 1049 2530 sciamus,
1062 2451 1257 2538 accepimus.
1299 2447 1306 2454 '

52 2551 149 2639 Atque
163 2557 245 2624 illud
261 2557 406 2643 quidemr
428 2557 459 2624 N
465 2581 557 2626 osee
579 2561 769 2649 teipsum!
793 2558 938 2628 estnihil
953 2555 1051 2632 aliud,
1067 2553 1147 2620 nisi:
1178 2573 1255 2639 eog-

53 2675 143 2736 nosoe‚
158 2662 296 2749 propter
311 2659 389 2748 quid
403 2661 467 2726 orti
483 2661 594 2730 simus.
630 2663 707 2730 Orti
722 2667 831 2732 autem
848 2682 971 2736 sumus,
987 2660 1027 2724 ut
1040 2654 1255 2723 obedientiam
1308 2695 1313 2702 -

53 2755 195 2844 eligamus
211 2763 254 2830 ad
270 2761 418 2841 salutem,
447 2762 541 2830 Deus
557 2768 666 2832 autem
682 2767 797 2834 salutis
812 2767 944 2832 nostrae
959 2761 1097 2828 initium.
1126 2758 1256 2842 Primus

54 2860 125 2928 enim
137 2863 257 2953 inoipit
270 2864 457 2932 benelaeere
469 2867 741 2934 communicando.
775 2867 845 2934 Iam
862 2865 917 2956 qui
929 2861 1165 2930 communicata
1176 2859 1257 2924 bene

53 2965 248 3036 musiderans
263 2967 363 3034 elaori
382 2967 489 3034 animo
509 2971 690 3058 susceperit
708 2970 862 3036 mandata
878 2970 977 3056 atque
998 2961 1205 3038 custodierit,
1227 2960 1257 3025 5⁸

54 3064 104 3130 erit
117 3068 232 3140 fidelis.
278 3068 343 3152 Qui
359 3091 435 3138 vero
449 3093 507 3158 pro
522 3073 664 3161 aeoeptis
679 3072 730 3138 hie
745 3070 908 3138 benefieiis
923 3065 1048 3154 gratias
1069 3063 1140 3150 agit
1160 3085 1257 3148 quam
1291 3073 1294 3084 '

53 3169 196 3240 maximas
220 3172 532 3262 perterrerentur,
553 3175 606 3242 hie
619 3157 752 3242 amicus.
797 3171 933 3240 Gratiae
953 3170 1062 3235 autem
1084 3165 1257 3232 suntuoti·

53 3287 118 3336 ones
131 3271 298 3353 honestae,
314 3297 395 3361 quae
410 3276 524 3347 doetor
535 3280 648 3346 noster
662 3280 698 3346 et
713 3279 858 3344 servator
871 3275 906 3340 in
921 3294 1012 3340 suam
1027 3267 1144 3358 recipit
1157 3267 1257 3335 hono-

53 3378 354 3465 remetgloriam1).
901 3453 906 3466 Ι

106 3477 154 3544 At
167 3503 245 3548 vero
261 3480 398 3561 Graeci·
407 3483 492 3550 siout
506 3481 646 3548 humana
660 3483 824 3570 praeditos
838 3479 952 3562 forma,
967 3478 1016 3545 ita
1030 3472 1129 3540 etiam
1144 3471 1257 3538 huma-

53 3571 95 3640 nis
106 3583 368 3669 perpessionibus
379 3585 457 3652 deos
468 3583 624 3652 obnoxios
636 3607 709 3652 esse
720 3586 902 3674 opinantur.
931 3582 978 3648 ut
989 3575 1257 3669 quemadmodum

54 3670 161 3748 formas
182 3707 293 3753 eorum
314 3686 365 3752 sui
386 3687 507 3754 similes
529 3686 649 3774 singuli
668 3686 871 3764 describunt,
898 3687 937 3753 ut
956 3683 1005 3750 uit
1022 3677 1256 3766 Xenophanes,

55 3772 269 3878 Aethiopes
311 3789 466 3876 quidem
509 3791 646 3878 nigros
675 3792 715 3856 et
752 3787 888 3867 simos,
923 3785 1097 3852 Thraces
1127 3783 1258 3848 autem

55 3874 181 3956 fulvos
207 3891 250 3956 et
277 3891 498 3961 caeruleos:
523 3893 575 3960 ita
593 3892 717 3960 animos
738 3892 911 3958 eorundem
933 3907 1059 3975 quoque
1080 3883 1122 3948 ad
1134 3883 1258 3970 seipsos

58 3983 260 4078 mulormant3
282 3991 411 4060 barbari
426 3995 555 4080 quidem
574 3998 721 4084 agrestes
737 3993 944 4083 moribusque
959 3985 1114 4063 efferata
1140 3982 1259 4052 Graeoi

57 4095 291 4194 mansuetiores,
308 4098 365 4164 sed
378 4100 412 4170 in
424 4119 505 4187 quos
520 4101 629 4164 tamen
640 4097 761 4177 eadunt
775 4096 1010 4188 perpessiones.
1041 4094 1259 4183 Quapropter,
1281 4125 1291 4136 ·

57 4193 207 4274 lmprobos
221 4197 323 4262 malas
338 4199 453 4266 dedeo
468 4200 631 4290 suscipere
644 4200 875 4287 cogitationes,
895 4199 1034 4289 optimas
1056 4200 1165 4265 autem
1185 4215 1259 4284 pro·
1337 4187 1345 4206 ‘

58 4279 119 4368 ¹³⁰⁵,
137 4304 386 4370 consentaneum
401 4305 462 4373 est.
508 4302 726 4386 Quamobrem
741 4303 921 4391 gnostious,
942 4303 998 4392 qui
1012 4322 1087 4369 vere
1104 4298 1194 4386 regio
1209 4299 1262 4362 est

60 4387 163 4476 animo,
179 4425 278 4492 quum
293 4405 328 4470 et
340 4405 436 4472 deum
452 4428 561 4474 verum
577 4406 629 4498 pie
641 4405 727 4474 eolat
740 4409 775 4474 et
789 4405 912 4474 alienus
928 4405 974 4476 sit
988 4405 1030 4473 ab
1044 4403 1132 4474 omni
1147 4423 1259 4492 super-

60 4523 247 4554 Ἧ-ι--α

108 4616 334 4686 'laetarer
407 4638 410 4646 ·
