2830 5052
733 331 795 394 116

153 519 214 590 ned
226 518 310 586 alius
320 516 407 585 lacte
420 515 530 594 alitur,
544 513 617 582 cibo
632 515 725 582 alius.
759 513 947 604 Scripturas
961 516 1071 582 autem
1081 485 1213 603 penitus
1226 531 1351 603 cognos-

155 641 226 690 cere
240 621 381 688 virorum
391 621 459 696 est,
476 639 542 684 non
555 639 737 706 puerorum.
780 617 914 708 Itaque,
941 639 1039 706 quam
1058 617 1198 686 maxime
1216 617 1283 686 lieri
1301 641 1352 706 pc·

152 722 243 800 terit,
265 720 433 788 dialectice
458 720 501 788 ad
525 719 616 808 ipsas
640 720 704 788 erit
722 721 938 796 accedendum
956 720 1220 812 consequentiam
1239 720 1353 790 divinae

154 821 538 894 doctrinaevencntibus.
1037 881 1042 891 .

217 927 377 992 Attamen
392 923 522 1007 Graeci,
537 923 674 990 Platone
688 923 761 1012 ipso
774 923 909 1002 latente,
925 945 1052 1014 semper
1066 927 1145 992 sunt
1162 923 1266 1012 pueri,
1285 945 1354 1013 pue·

153 1028 230 1096 siles
246 1030 410 1096 sectantes
424 1026 562 1104 fabulas,
577 1023 761 1110 antiquiora
780 1028 906 1106 auteur,
925 1026 947 1092 i.
962 1049 990 1094 e.
1009 1031 1140 1106 nostra,
1168 1028 1355 1115 ignorantes.

155 1129 222 1198 Hic
235 1151 314 1216 ergo
329 1134 423 1210 sunt,
445 1151 526 1216 quos
552 1127 732 1194 visionibus
757 1150 852 1216 egere
875 1129 1018 1196 Hermae
1039 1129 1168 1196 dicitur.
1203 1131 1355 1200 ‘Potestas

153 1233 238 1300 enim
252 1231 319 1310 ills,
334 1254 504 1318 quaecum
521 1231 646 1297 Herma
665 1229 824 1316 loquitur:
847 1229 1033 1314 „Vrsioneq
1053 1231 1174 1320 iuquit,
1194 1237 1232 1328 et
1245 1233 1356 1300 revela·

153 1337 259 1402 tiones
273 1339 408 1424 propter
421 1357 487 1414 eos,
503 1333 559 1421 qui
574 1337 652 1400 sunt
665 1330 786 1421 duplici
797 1332 902 1413 corde,
918 1333 974 1422 qui
987 1333 1160 1424 disputent
1172 1335 1207 1402 in
1219 1335 1356 1404 cordibus

155 1440 234 1517 suis,
249 1443 360 1506 utrum
376 1437 503 1515 sinist,
518 1457 578 1502 nec
592 1446 670 1502 ne.“

218 1539 330 1606 Unum
344 1539 460 1612 addam
482 1537 656 1618 „Lucerna
669 1537 722 1603 est
734 1539 943 1626 praeceptum
963 1536 1095 1618 bonum,
1108 1538 1168 1626 ,lex
1187 1542 1297 1624 autem
1314 1539 1357 1606 est

153 1641 262 1708 lumen
277 1642 399 1708 vitoe.“
443 1639 550 1727 Atqui
570 1639 645 1720 „lex
659 1639 773 1726 regina
787 1643 849 1718 est,
871 1640 919 1706 ait
932 1639 1063 1720 Pindar,
1085 1641 1231 1709 omnium.
1248 1646 1356 1710 morta·

153 1744 233 1812 lium
247 1743 559 1812 stimmortslium.“
602 1739 692 1823 Quid
711 1743 808 1828 ergo?
823 1741 982 1832 Equidem
996 1764 1055 1830 per
1068 1765 1214 1832 es,quas
1227 1743 1280 1812 lex
1293 1765 1357 1810 con·
1405 1743 1406 1750 '

152 1846 248 1924 tinet,
264 1869 348 1924 eum,
364 1845 420 1937 qui
434 1845 540 1934 ipsam
554 1843 642 1922 tulit,
654 1824 759 1910 audio.
804 1842 963 1926 Quamvis
983 1843 1068 1910 enim
1082 1844 1165 1913 duae
1183 1846 1276 1936 leges
1290 1845 1356 1925 sint,

155 1972 221 2016 una
244 1948 421 2026 naturalis,
447 1946 603 2013 divinitus
631 1946 775 2029 revelata
808 1945 927 2025 altera,
955 1946 1126 2035 utriusque
1149 1952 1263 2016 temen
1286 1968 1357 2014 unus
1405 1981 1406 1996 κ

154 2054 268 2118 auctor
282 2046 373 2128 deus,
389 2048 445 2134 qui
456 2052 543 2115 certe
554 2072 575 2114 a
586 2049 685 2118 Petro
695 2045 1045 2130 inPraedicationelex
1056 2055 1191 2118 vocatur
1203 2056 1240 2120 et
1250 2051 1357 2138 Logos.
1405 2103 1406 2118 ,

155 2152 222 2222 Sed
235 2153 359 2241 primus
375 2148 608 2218 Gnosticorum
630 2149 807 2219 secundum
826 2174 936 2221 veram
954 2151 1191 2244 philosophiam
1213 2175 1358 2224 commen·
1405 2157 1406 2168 ’

153 2255 314 2322 tariorum
329 2254 538 2323 Stromateus
552 2253 757 2338 hactenus1).
772 2293 813 2304 --

510 2505 569 2576 De
591 2497 689 2576 libri
709 2410 1012 2597 Ilbrgnmento.

221 2626 385 2718 Deinceps
401 2629 521 2706 autem,
537 2649 694 2718 quaenam
711 2621 829 2693 Graeci
844 2625 943 2693 furati
959 2626 1035 2706 sint,
1051 2627 1297 2696 ostendendum.
1322 2623 1359 2691 El

158 2725 450 2803 demonstrabimus
466 2729 606 2822 quidem,
620 2751 685 2796 non
700 2728 803 2796 solum
824 2727 1050 2796 miraculorum
1064 2735 1252 2800 nostrorum
1265 2730 1359 2800 imita·

1404 2831 1405 2856 l

194 2958 197 2966 ,
212 2904 239 2972 ¹)
255 2921 281 2972 p.
292 2903 439 2960 tte-tlt.
474 2903 525 2966 Qui
538 2903 699 2970 posteriorem
711 2904 787 2956 buius
798 2905 855 2956 libri
867 2911 964 2972 partem
974 2905 1072 2971 legerit,
1082 2907 1125 2958 bic
1135 2922 1187 2958 non
1198 2907 1299 2974 poterit,
1310 2901 1358 2970 quin
1404 2887 1405 2962 l

156 2977 318 3044 rshe'mcnter
329 2992 441 3054 miretur,
457 3007 473 3056 q
508 2999 553 3042 uta
564 3005 622 3041 cnm
639 2990 794 3056 eruditione,
817 3000 962 3058 quantoque
977 2993 1118 3046 litterarum
1138 2995 1262 3060 cuiusque
1276 2987 1359 3058 generis

156 3077 277 3132 thesauro
288 3077 403 3141 Clemens
415 3075 467 3128 Gra
551 3076 780 3144 philosophicum
791 3078 927 3130 Hebraicis.
940 3079 1048 3144 scriptia,
1064 3081 1186 3146 quidquid
1201 3079 1314 3132 veritam
1324 3076 1360 3126 bc·

156 3163 224 3226 beat,
235 3163 373 3228 plurimum
385 3178 439 3214 esso
448 3162 568 3230 iuratam,
579 3166 751 3216 demonstrare
762 3165 894 3218 studuerit.
922 3164 959 3214 Ar
974 3179 1034 3222 rero
1045 3165 1127 3230 magis
1139 3165 1281 3227 mirabitur,
1291 3163 1310 3214 si
1321 3161 1359 3210 bot

158 3247 295 3298 Clementis
307 3248 416 3298 studium
431 3250 463 3300 ab
474 3239 577 3300 bo'ruine
589 3252 651 3301 satis
663 3251 775 3313 erudito,
796 3249 864 3312 Guil.
883 3249 1051 3300 Muenscheto
1068 3257 1189 3314 negatum
1208 3265 1262 3300 esse
1275 3243 1358 3297 viderit·

157 3327 183 3382 Is
197 3333 301 3382 enimin
315 3332 388 3382 tertio
401 3335 547 3398 dogmatum
559 3335 679 3386 historiae
691 3335 818 3385 volumine
830 3350 855 3400 p.
868 3333 919 3388 227
933 3324 1059 3386 beennon
1076 3337 1130 3387 sine
1146 3335 1298 3386 confidentia
1312 3343 1359 3380 ccu-

157 3418 246 3478 tendit,
258 3423 287 3465 ut
299 3417 352 3482 ipse
361 3419 410 3468 tuis
421 3420 499 3484 ipsius
511 3419 589 3471 oculis
598 3421 701 3471 minime
715 3419 837 3474 confidas:
861 3419 961 3484 „Schon
978 3421 1005 3472 in
1018 3423 1063 3472 der
1079 3422 1183 3486 rorigcu
1198 3421 1303 3472 Perinde
1318 3425 1360 3465 wtr

158 3503 199 3553 die
212 3501 375 3568 Vorrtellung
390 3505 543 3556 berrechend
559 3509 703 3570 geworden,
721 3508 778 3556 dass
796 3507 837 3556 die
854 3506 1026 3570 griechischen
1037 3507 1208 3574 Philosopben
1219 3508 1275 3558 ibre
1285 3505 1359 3556 beret

157 3584 235 3640 Idesn
247 3602 293 3638 aus
304 3588 354 3641 deu
370 3589 772 3656 irredircbenReligionsscbriiten
784 3592 931 3658 gescboepit
941 3594 1052 3650 baetten.
1086 3593 1204 3646 Disselbe
1216 3588 1360 3647 voseium

76 3685 83 3708 ⁶
156 3677 243 3726 nunde
255 3674 326 3724 nicht
337 3689 386 3724 nur
395 3674 459 3740 jetat
477 3676 522 3738 (ab
540 3659 607 3726 anuo
623 3675 676 3730 320
692 3678 725 3726 ad
742 3693 766 3730 a.
782 3677 846 3744 tot)
862 3680 1019 3746 wiederbolt,
1031 3681 1139 3731 scudem
1151 3679 1295 3746 cyrillus
1310 3682 1359 3722 vot

156 3759 379 3812 Alexandrien
408 3759 533 3811 mscbto
559 3762 640 3812 auch
667 3763 726 3812 den
748 3761 906 3828 Versucb‚
934 3762 1117 3820 Bcwelse
1133 3761 1230 3819 fuel·
1245 3759 1359 3817 flictu

157 3841 348 3912 fuehren,
368 3846 406 3894 da
422 3860 493 3894 man
514 3845 561 3896 sie
583 3846 699 3896 rorber
715 3848 782 3899 blos
805 3851 1006 3902 unbewicsen
1025 3850 1238 3916 hingeworl'en
1256 3839 1359 3900 hatte“

157 3929 232 3992 Quas
243 3931 264 3980 si
274 3929 353 3980 latine
365 3929 510 3982 adverbum
522 3933 711 3996 reddiderimus,
721 3934 759 3984 ita
770 3933 823 3987 iero
834 3952 861 3987 se
878 3937 1016 3988 bsbebnnt.
1051 3937 1201 4000 „superiore
1218 3937 1271 3986 iam
1287 3931 1357 3982 scitii

158 4015 243 4080 opinio
259 4022 315 4065 eret
331 4013 449 4086 vulgata,
465 4015 576 4069 Graecos
593 4017 754 4084 philosophos
771 4023 867 4086 optime
882 4023 978 4088 placite
993 4037 1041 4074 sua
1062 4037 1095 4074 ex
1111 4021 1141 4076 S.
1153 4021 1181 4073 S.
1196 4021 1357 4072 Hebrttotffl

157 4101 257 4165 scriptis
268 4101 391 4152 bominac.
427 4102 524 4154 Eadem
536 4109 621 4154 autem
634 4105 718 4169 opinio
729 4111 789 4156 tunc
806 4106 852 4170 (ab
863 4121 931 4158 anno
942 4107 1093 4172 tto-60⁴)
1104 4121 1156 4158 110ss
1166 4107 1249 4160 tolum
1266 4099 1358 4168 selim
1403 4101 1404 4194 l

158 4191 204 4248 est,
221 4188 275 4236 sed
293 4185 436 4252 (tyrillus
458 4187 696 4265 Alexandrinus
717 4192 814 4242 etiam
830 4194 1009 4262 probare
1027 4205 1134 4260 eam,
1157 4208 1247 4264 quam
1274 4193 1357 4240 ante!

157 4269 228 4324 tine
251 4272 443 4335 probatione
461 4265 653 4330 'lecerunt
676 4282 811 4342 tanturn,
839 4287 973 4331 conatus
996 4281 1068 4332 est.¹'
1111 4277 1181 4342 Quid
1208 4276 1283 4342 ergo?
1305 4281 1356 4322 num

158 4352 273 4405 Clemens
285 4353 349 4405 nibil
360 4359 469 4422 probans
485 4359 565 4410 iecit
582 4367 682 4412 tantum
699 4361 767 4412 bunc
782 4363 942 4429 opinionem?
965 4364 1056 4418 Nonne
1072 4367 1156 4429 potius
1172 4363 1277 4432 Cyrillus
1292 4367 1355 4421 „gu-

157 4447 245 4490 menta
253 4455 300 4492 sua
311 4439 470 4495 colementis
480 4445 615 4498 Stromatia
624 4451 755 4499 mutuatur
766 4455 813 4515 cst,
827 4451 899 4502 cuius
908 4453 963 4517 ipse
974 4453 1141 4504 eruditionem
1152 4453 1179 4504 in
1187 4452 1236 4503 hoc
1244 4461 1313 4516 opert
1320 4445 1354 4494 (1⁰¹

156 4525 265 4590 positam
276 4527 376 4592 saepius
385 4529 457 4580 effert
467 4532 572 4582 summis
583 4532 718 4584 laudibus?
727 4532 837 4586 Autnou
842 4535 904 4601 legit
914 4537 1104 4604 Muemcberaa,
1113 4538 1264 4591 clarissimus
1269 4533 1294 4584 irr
1303 4525 1354 4592 (1⁰8¹

156 4611 233 4665 noris
243 4612 557 4688 historiconclcmeutcnr,
570 4624 720 4688 nutecrum,
728 4635 795 4690 ques
803 4621 875 4690 legit,
887 4635 989 4686 prorsus
998 4623 1091 4682 oblitus
1099 4632 1144 4684 est.
1165 4623 1206 4683 Cf·
1214 4609 1352 4688 Stromddl·
