<?xml version="1.0" encoding="UTF-8"?>
<!DOCTYPE html PUBLIC "-//W3C//DTD XHTML 1.0 Transitional//EN"
    "http://www.w3.org/TR/xhtml1/DTD/xhtml1-transitional.dtd">
<html xmlns="http://www.w3.org/1999/xhtml" xml:lang="en" lang="en">
 <head>
  <title>
</title>
<meta http-equiv="Content-Type" content="text/html;charset=utf-8" />
  <meta name='ocr-system' content='tesseract 3.04.00' />
  <meta name='ocr-capabilities' content='ocr_page ocr_carea ocr_par ocr_line ocrx_word'/>
</head>
<body>
  <div class='ocr_page' id='page_1' title='image "./clemente00reingoog_0172.png"; bbox 0 0 2820 5052; ppageno 0'>
   <div class='ocr_carea' id='block_1_1' title="bbox 522 351 730 454">
    <p class='ocr_par' dir='ltr' id='par_1_1' title="bbox 522 351 730 454">
     <span class='ocr_line' id='line_1_1' title="bbox 522 351 730 454; baseline 0 0"><span class='ocrx_word' id='word_1_1' title='bbox 522 351 730 454; x_wconf 48' lang='grc' dir='ltr'><strong>Α.</strong></span> 
     </span>
    </p>
   </div>
   <div class='ocr_carea' id='block_1_2' title="bbox 24 503 1259 628">
    <p class='ocr_par' dir='ltr' id='par_1_2' title="bbox 24 503 1259 628">
     <span class='ocr_line' id='line_1_2' title="bbox 24 503 1259 628; baseline 0 -20"><span class='ocrx_word' id='word_1_2' title='bbox 24 518 26 538; x_wconf 58' lang='lat'><strong>¹</strong></span> <span class='ocrx_word' id='word_1_3' title='bbox 47 543 73 608; x_wconf 84' lang='lat' dir='ltr'><strong>et</strong></span> <span class='ocrx_word' id='word_1_4' title='bbox 84 539 191 608; x_wconf 84' lang='lat' dir='ltr'><strong>veritas</strong></span> <span class='ocrx_word' id='word_1_5' title='bbox 197 562 207 618; x_wconf 83' lang='lat'>3</span> <span class='ocrx_word' id='word_1_6' title='bbox 228 503 328 606; x_wconf 82' lang='lat' dir='ltr'><strong>habet</strong></span> <span class='ocrx_word' id='word_1_7' title='bbox 340 539 443 628; x_wconf 79' lang='lat' dir='ltr'><strong>igitur</strong></span> <span class='ocrx_word' id='word_1_8' title='bbox 457 539 765 608; x_wconf 86' lang='lat' dir='ltr'><strong>demonstrationem</strong></span> <span class='ocrx_word' id='word_1_9' title='bbox 776 545 811 606; x_wconf 83' lang='lat' dir='ltr'><strong>ct</strong></span> <span class='ocrx_word' id='word_1_10' title='bbox 821 538 1144 626; x_wconf 84' lang='lat' dir='ltr'><strong>argumentationem.</strong></span> <span class='ocrx_word' id='word_1_11' title='bbox 1167 539 1233 608; x_wconf 87' lang='lat' dir='ltr'><strong>At·</strong></span> <span class='ocrx_word' id='word_1_12' title='bbox 1257 577 1259 585; x_wconf 31' lang='grc' dir='ltr'><strong><em>ι</em></strong></span> 
     </span>
    </p>
   </div>
   <div class='ocr_carea' id='block_1_3' title="bbox 46 639 1233 1038">
    <p class='ocr_par' dir='ltr' id='par_1_3' title="bbox 46 639 1233 1038">
     <span class='ocr_line' id='line_1_3' title="bbox 47 639 1233 732; baseline 0.003 -26"><span class='ocrx_word' id='word_1_13' title='bbox 47 663 93 730; x_wconf 88' lang='lat' dir='ltr'><strong>que</strong></span> <span class='ocrx_word' id='word_1_14' title='bbox 102 663 204 708; x_wconf 85' lang='lat' dir='ltr'><strong>omnes</strong></span> <span class='ocrx_word' id='word_1_15' title='bbox 219 641 348 732; x_wconf 81' lang='lat' dir='ltr'><strong>quidem</strong></span> <span class='ocrx_word' id='word_1_16' title='bbox 361 639 547 724; x_wconf 74' lang='lat' dir='ltr'><strong>facultates,</strong></span> <span class='ocrx_word' id='word_1_17' title='bbox 563 667 644 732; x_wconf 89' lang='lat' dir='ltr'><strong>quas</strong></span> <span class='ocrx_word' id='word_1_18' title='bbox 661 641 790 732; x_wconf 89' lang='lat' dir='ltr'><strong>spiritui</strong></span> <span class='ocrx_word' id='word_1_19' title='bbox 812 640 1001 718; x_wconf 76' lang='lat' dir='ltr'>tribuimus,</span> <span class='ocrx_word' id='word_1_20' title='bbox 1022 641 1119 708; x_wconf 90' lang='lat' dir='ltr'><strong>simul</strong></span> <span class='ocrx_word' id='word_1_21' title='bbox 1132 665 1233 710; x_wconf 91' lang='lat' dir='ltr'><strong>unum</strong></span> 
     </span>
     <span class='ocr_line' id='line_1_4' title="bbox 46 741 1232 832; baseline 0.003 -23"><span class='ocrx_word' id='word_1_22' title='bbox 46 743 175 832; x_wconf 85' lang='lat' dir='ltr'><strong>quiddam</strong></span> <span class='ocrx_word' id='word_1_23' title='bbox 187 743 380 822; x_wconf 73' lang='lat' dir='ltr'><strong>elidentes,</strong></span> <span class='ocrx_word' id='word_1_24' title='bbox 401 745 444 812; x_wconf 90' lang='lat' dir='ltr'><strong>ad</strong></span> <span class='ocrx_word' id='word_1_25' title='bbox 463 744 550 813; x_wconf 88' lang='lat' dir='ltr'><strong>idem</strong></span> <span class='ocrx_word' id='word_1_26' title='bbox 571 743 814 822; x_wconf 87' lang='lat' dir='ltr'><strong>conficiendum,</strong></span> <span class='ocrx_word' id='word_1_27' title='bbox 835 743 877 810; x_wconf 89' lang='lat' dir='ltr'><strong>ad</strong></span> <span class='ocrx_word' id='word_1_28' title='bbox 895 743 1032 828; x_wconf 82' lang='lat' dir='ltr'><strong>Filium,</strong></span> <span class='ocrx_word' id='word_1_29' title='bbox 1052 741 1232 812; x_wconf 81' lang='lat' dir='ltr'><strong>conferunt.</strong></span> 
     </span>
     <span class='ocr_line' id='line_1_5' title="bbox 46 844 1232 938; baseline 0.003 -26"><span class='ocrx_word' id='word_1_30' title='bbox 46 844 171 912; x_wconf 90' lang='lat' dir='ltr'><strong>Infinitus</strong></span> <span class='ocrx_word' id='word_1_31' title='bbox 185 851 239 913; x_wconf 90' lang='lat' dir='ltr'><strong>est</strong></span> <span class='ocrx_word' id='word_1_32' title='bbox 251 849 361 914; x_wconf 82' lang='lat' dir='ltr'><strong>autem</strong></span> <span class='ocrx_word' id='word_1_33' title='bbox 375 867 568 938; x_wconf 89' lang='lat' dir='ltr'><strong>unaquaque</strong></span> <span class='ocrx_word' id='word_1_34' title='bbox 580 847 772 914; x_wconf 78' lang='lat' dir='ltr'><strong>facultatum</strong></span> <span class='ocrx_word' id='word_1_35' title='bbox 787 868 919 912; x_wconf 88' lang='lat' dir='ltr'><strong>suarum</strong></span> <span class='ocrx_word' id='word_1_36' title='bbox 933 846 1074 914; x_wconf 87' lang='lat' dir='ltr'><strong>notione.</strong></span> <span class='ocrx_word' id='word_1_37' title='bbox 1095 848 1146 914; x_wconf 89' lang='lat' dir='ltr'><strong>At</strong></span> <span class='ocrx_word' id='word_1_38' title='bbox 1155 869 1232 916; x_wconf 90' lang='lat' dir='ltr'><strong>vero</strong></span> 
     </span>
     <span class='ocr_line' id='line_1_6' title="bbox 47 939 1233 1038; baseline 0.003 -26"><span class='ocrx_word' id='word_1_39' title='bbox 47 945 109 1012; x_wconf 87' lang='lat' dir='ltr'><strong>haud</strong></span> <span class='ocrx_word' id='word_1_40' title='bbox 122 971 251 1037; x_wconf 87' lang='lat' dir='ltr'><strong>prorsus</strong></span> <span class='ocrx_word' id='word_1_41' title='bbox 266 971 366 1014; x_wconf 87' lang='lat' dir='ltr'><strong>uuum</strong></span> <span class='ocrx_word' id='word_1_42' title='bbox 381 951 435 1015; x_wconf 88' lang='lat' dir='ltr'><strong>est</strong></span> <span class='ocrx_word' id='word_1_43' title='bbox 447 951 486 1016; x_wconf 89' lang='lat' dir='ltr'><strong>ut</strong></span> <span class='ocrx_word' id='word_1_44' title='bbox 499 973 599 1017; x_wconf 90' lang='lat' dir='ltr'><strong>unum</strong></span> <span class='ocrx_word' id='word_1_45' title='bbox 613 949 729 1030; x_wconf 87' lang='lat' dir='ltr'><strong>Filius,</strong></span> <span class='ocrx_word' id='word_1_46' title='bbox 744 969 848 1038; x_wconf 85' lang='lat' dir='ltr'><strong>neque</strong></span> <span class='ocrx_word' id='word_1_47' title='bbox 863 939 970 1016; x_wconf 84' lang='lat' dir='ltr'><strong>multa</strong></span> <span class='ocrx_word' id='word_1_48' title='bbox 979 951 1018 1016; x_wconf 90' lang='lat' dir='ltr'><strong>ut</strong></span> <span class='ocrx_word' id='word_1_49' title='bbox 1032 951 1153 1038; x_wconf 89' lang='lat' dir='ltr'><strong>partes,</strong></span> <span class='ocrx_word' id='word_1_50' title='bbox 1176 951 1233 1016; x_wconf 89' lang='lat' dir='ltr'><strong>sed</strong></span> 
     </span>
    </p>
   </div>
   <div class='ocr_carea' id='block_1_4' title="bbox 50 1048 1350 1130">
    <p class='ocr_par' dir='ltr' id='par_1_4' title="bbox 50 1048 1350 1130">
     <span class='ocr_line' id='line_1_7' title="bbox 50 1048 1350 1130; baseline 0.003 -17"><span class='ocrx_word' id='word_1_51' title='bbox 50 1048 179 1116; x_wconf 85' lang='lat' dir='ltr'><strong>utomnia</strong></span> <span class='ocrx_word' id='word_1_52' title='bbox 194 1073 307 1130; x_wconf 86' lang='lat' dir='ltr'><strong>unum,</strong></span> <span class='ocrx_word' id='word_1_53' title='bbox 322 1051 409 1118; x_wconf 87' lang='lat' dir='ltr'><strong>unde</strong></span> <span class='ocrx_word' id='word_1_54' title='bbox 422 1051 521 1118; x_wconf 87' lang='lat' dir='ltr'><strong>etiam</strong></span> <span class='ocrx_word' id='word_1_55' title='bbox 536 1053 652 1120; x_wconf 89' lang='lat' dir='ltr'><strong>omnia.</strong></span> <span class='ocrx_word' id='word_1_56' title='bbox 695 1051 760 1118; x_wconf 81' lang='lat' dir='ltr'><strong>Est</strong></span> <span class='ocrx_word' id='word_1_57' title='bbox 773 1051 858 1116; x_wconf 89' lang='lat' dir='ltr'><strong>enim</strong></span> <span class='ocrx_word' id='word_1_58' title='bbox 877 1050 962 1117; x_wconf 91' lang='lat' dir='ltr'><strong>idem</strong></span> <span class='ocrx_word' id='word_1_59' title='bbox 977 1051 1118 1118; x_wconf 91' lang='lat' dir='ltr'><strong>omnium</strong></span> <span class='ocrx_word' id='word_1_60' title='bbox 1133 1052 1235 1118; x_wconf 84' lang='lat' dir='ltr'><strong>facul·</strong></span> <span class='ocrx_word' id='word_1_61' title='bbox 1264 1079 1268 1100; x_wconf 86' lang='grc'><em>·</em></span> <span class='ocrx_word' id='word_1_62' title='bbox 1347 1067 1350 1074; x_wconf 83' lang='grc'><em>“</em></span> 
     </span>
    </p>
   </div>
   <div class='ocr_carea' id='block_1_5' title="bbox 41 1152 1359 4730">
    <p class='ocr_par' dir='ltr' id='par_1_5' title="bbox 41 1152 1359 4416">
     <span class='ocr_line' id='line_1_8' title="bbox 51 1152 1235 1244; baseline 0.006 -30"><span class='ocrx_word' id='word_1_63' title='bbox 51 1152 127 1216; x_wconf 80' lang='lat' dir='ltr'><strong>atum</strong></span> <span class='ocrx_word' id='word_1_64' title='bbox 146 1152 304 1236; x_wconf 86' lang='lat' dir='ltr'><strong>circulus,</strong></span> <span class='ocrx_word' id='word_1_65' title='bbox 324 1157 365 1221; x_wconf 93' lang='lat' dir='ltr'><strong>nt</strong></span> <span class='ocrx_word' id='word_1_66' title='bbox 383 1175 466 1244; x_wconf 85' lang='lat' dir='ltr'><strong>quae</strong></span> <span class='ocrx_word' id='word_1_67' title='bbox 485 1153 520 1220; x_wconf 90' lang='lat' dir='ltr'><strong>in</strong></span> <span class='ocrx_word' id='word_1_68' title='bbox 539 1177 641 1222; x_wconf 89' lang='lat' dir='ltr'><strong>unum</strong></span> <span class='ocrx_word' id='word_1_69' title='bbox 654 1153 826 1233; x_wconf 72' lang='lat' dir='ltr'><strong>volvantur</strong></span> <span class='ocrx_word' id='word_1_70' title='bbox 840 1153 875 1218; x_wconf 88' lang='lat' dir='ltr'><strong>et</strong></span> <span class='ocrx_word' id='word_1_71' title='bbox 893 1154 1074 1222; x_wconf 76' lang='lat' dir='ltr'><strong>nectantur.</strong></span> <span class='ocrx_word' id='word_1_72' title='bbox 1117 1153 1235 1244; x_wconf 84' lang='lat' dir='ltr'><strong>Itaque</strong></span> 
     </span>
     <span class='ocr_line' id='line_1_9' title="bbox 47 1249 1234 1343; baseline 0.004 -25"><span class='ocrx_word' id='word_1_73' title='bbox 47 1249 131 1340; x_wconf 82' lang='lat' dir='ltr'><strong>logos</strong></span> <span class='ocrx_word' id='word_1_74' title='bbox 145 1255 245 1322; x_wconf 89' lang='lat' dir='ltr'><strong>etiam</strong></span> <span class='ocrx_word' id='word_1_75' title='bbox 261 1255 369 1332; x_wconf 83' lang='lat' dir='ltr'><strong>dictus</strong></span> <span class='ocrx_word' id='word_1_76' title='bbox 389 1257 442 1322; x_wconf 87' lang='lat' dir='ltr'><strong>cst</strong></span> <span class='ocrx_word' id='word_1_77' title='bbox 463 1255 595 1343; x_wconf 85' lang='lat' dir='ltr'><strong>Alpha</strong></span> <span class='ocrx_word' id='word_1_78' title='bbox 616 1259 655 1322; x_wconf 87' lang='lat' dir='ltr'><strong>et</strong></span> <span class='ocrx_word' id='word_1_79' title='bbox 677 1257 842 1342; x_wconf 83' lang='lat' dir='ltr'><strong>Omega,</strong></span> <span class='ocrx_word' id='word_1_80' title='bbox 864 1255 956 1320; x_wconf 92' lang='lat' dir='ltr'><strong>cuius</strong></span> <span class='ocrx_word' id='word_1_81' title='bbox 973 1254 1073 1322; x_wconf 84' lang='lat' dir='ltr'><strong>solius</strong></span> <span class='ocrx_word' id='word_1_82' title='bbox 1092 1255 1167 1322; x_wconf 86' lang='lat' dir='ltr'><strong>finis</strong></span> <span class='ocrx_word' id='word_1_83' title='bbox 1188 1257 1234 1324; x_wconf 90' lang='lat' dir='ltr'><strong>sit</strong></span> 
     </span>
     <span class='ocr_line' id='line_1_10' title="bbox 45 1354 1234 1446; baseline 0.004 -26"><span class='ocrx_word' id='word_1_84' title='bbox 45 1354 221 1444; x_wconf 88' lang='lat' dir='ltr'><strong>principium,</strong></span> <span class='ocrx_word' id='word_1_85' title='bbox 236 1359 273 1424; x_wconf 83' lang='lat' dir='ltr'><strong>at</strong></span> <span class='ocrx_word' id='word_1_86' title='bbox 287 1357 409 1424; x_wconf 83' lang='lat' dir='ltr'><strong>desinit</strong></span> <span class='ocrx_word' id='word_1_87' title='bbox 421 1380 536 1426; x_wconf 88' lang='lat' dir='ltr'><strong>rursus</strong></span> <span class='ocrx_word' id='word_1_88' title='bbox 550 1357 585 1425; x_wconf 89' lang='lat' dir='ltr'><strong>in</strong></span> <span class='ocrx_word' id='word_1_89' title='bbox 599 1358 644 1436; x_wconf 92' lang='lat' dir='ltr'><strong>id,</strong></span> <span class='ocrx_word' id='word_1_90' title='bbox 659 1359 812 1445; x_wconf 84' lang='lat' dir='ltr'><strong>qucdest</strong></span> <span class='ocrx_word' id='word_1_91' title='bbox 826 1357 923 1432; x_wconf 85' lang='lat' dir='ltr'><strong>antea</strong></span> <span class='ocrx_word' id='word_1_92' title='bbox 936 1357 1140 1446; x_wconf 90' lang='lat' dir='ltr'><strong>principium,</strong></span> <span class='ocrx_word' id='word_1_93' title='bbox 1156 1379 1234 1430; x_wconf 86' lang='lat' dir='ltr'><strong>nus·</strong></span> 
     </span>
     <span class='ocr_line' id='line_1_11' title="bbox 47 1457 1234 1556; baseline 0.006 -36"><span class='ocrx_word' id='word_1_94' title='bbox 47 1476 119 1540; x_wconf 90' lang='lat' dir='ltr'><strong>quam</strong></span> <span class='ocrx_word' id='word_1_95' title='bbox 131 1459 296 1548; x_wconf 84' lang='lat' dir='ltr'><strong>accipiens</strong></span> <span class='ocrx_word' id='word_1_96' title='bbox 310 1459 511 1556; x_wconf 71' lang='lat' dir='ltr'><strong>distantiam.</strong></span> <span class='ocrx_word' id='word_1_97' title='bbox 556 1459 773 1542; x_wconf 83' lang='lat' dir='ltr'><strong>Quamobrem</strong></span> <span class='ocrx_word' id='word_1_98' title='bbox 793 1461 828 1524; x_wconf 85' lang='lat' dir='ltr'><strong>st</strong></span> <span class='ocrx_word' id='word_1_99' title='bbox 841 1457 875 1524; x_wconf 92' lang='lat' dir='ltr'><strong>in</strong></span> <span class='ocrx_word' id='word_1_100' title='bbox 884 1457 992 1544; x_wconf 88' lang='lat' dir='ltr'><strong>ipsum</strong></span> <span class='ocrx_word' id='word_1_101' title='bbox 1006 1461 1042 1524; x_wconf 85' lang='lat' dir='ltr'><strong>et</strong></span> <span class='ocrx_word' id='word_1_102' title='bbox 1055 1481 1113 1546; x_wconf 90' lang='lat' dir='ltr'><strong>per</strong></span> <span class='ocrx_word' id='word_1_103' title='bbox 1126 1459 1234 1547; x_wconf 90' lang='lat' dir='ltr'><strong>ipsum</strong></span> 
     </span>
     <span class='ocr_line' id='line_1_12' title="bbox 45 1557 1232 1650; baseline 0.003 -26"><span class='ocrx_word' id='word_1_104' title='bbox 45 1557 226 1640; x_wconf 70' lang='lat' dir='ltr'><strong>moderaret</strong></span> <span class='ocrx_word' id='word_1_105' title='bbox 245 1563 377 1630; x_wconf 90' lang='lat' dir='ltr'><strong>unicum</strong></span> <span class='ocrx_word' id='word_1_106' title='bbox 396 1563 481 1642; x_wconf 88' lang='lat' dir='ltr'><strong>fieri,</strong></span> <span class='ocrx_word' id='word_1_107' title='bbox 502 1563 627 1650; x_wconf 85' lang='lat' dir='ltr'><strong>inipso</strong></span> <span class='ocrx_word' id='word_1_108' title='bbox 654 1561 723 1628; x_wconf 88' lang='lat' dir='ltr'><strong>sinc</strong></span> <span class='ocrx_word' id='word_1_109' title='bbox 750 1559 953 1648; x_wconf 78' lang='lat' dir='ltr'><strong>separatione</strong></span> <span class='ocrx_word' id='word_1_110' title='bbox 972 1580 1073 1628; x_wconf 88' lang='lat' dir='ltr'><strong>unum</strong></span> <span class='ocrx_word' id='word_1_111' title='bbox 1092 1560 1232 1642; x_wconf 81' lang='lat' dir='ltr'><strong>factum3</strong></span> 
     </span>
     <span class='ocr_line' id='line_1_13' title="bbox 47 1661 1231 1755; baseline 0.003 -29"><span class='ocrx_word' id='word_1_112' title='bbox 47 1665 195 1754; x_wconf 76' lang='lat' dir='ltr'><strong>coutraqde</strong></span> <span class='ocrx_word' id='word_1_113' title='bbox 209 1688 278 1752; x_wconf 89' lang='lat' dir='ltr'><strong>non</strong></span> <span class='ocrx_word' id='word_1_114' title='bbox 292 1665 432 1744; x_wconf 84' lang='lat' dir='ltr'><strong>credere,</strong></span> <span class='ocrx_word' id='word_1_115' title='bbox 446 1668 500 1731; x_wconf 88' lang='lat' dir='ltr'><strong>est</strong></span> <span class='ocrx_word' id='word_1_116' title='bbox 513 1665 647 1755; x_wconf 82' lang='lat' dir='ltr'><strong>distare,</strong></span> <span class='ocrx_word' id='word_1_117' title='bbox 662 1662 805 1750; x_wconf 83' lang='lat' dir='ltr'><strong>disiungi</strong></span> <span class='ocrx_word' id='word_1_118' title='bbox 816 1663 849 1729; x_wconf 88' lang='lat' dir='ltr'><strong>at</strong></span> <span class='ocrx_word' id='word_1_119' title='bbox 861 1661 971 1729; x_wconf 88' lang='lat' dir='ltr'><strong>dividi.</strong></span> <span class='ocrx_word' id='word_1_120' title='bbox 992 1661 1040 1730; x_wconf 85' lang='lat' dir='ltr'><strong>Et</strong></span> <span class='ocrx_word' id='word_1_121' title='bbox 1047 1663 1080 1728; x_wconf 90' lang='lat' dir='ltr'><strong>hi</strong></span> <span class='ocrx_word' id='word_1_122' title='bbox 1092 1663 1231 1750; x_wconf 90' lang='lat' dir='ltr'><strong>quidem,</strong></span> 
     </span>
     <span class='ocr_line' id='line_1_14' title="bbox 47 1753 1233 1858; baseline 0.003 -28"><span class='ocrx_word' id='word_1_123' title='bbox 47 1761 154 1846; x_wconf 85' lang='lat' dir='ltr'><strong>quinon</strong></span> <span class='ocrx_word' id='word_1_124' title='bbox 170 1753 319 1846; x_wconf 84' lang='lat' dir='ltr'><strong>credunt,</strong></span> <span class='ocrx_word' id='word_1_125' title='bbox 336 1770 424 1845; x_wconf 89' lang='lat' dir='ltr'><strong>sunt,</strong></span> <span class='ocrx_word' id='word_1_126' title='bbox 438 1767 495 1854; x_wconf 92' lang='lat' dir='ltr'><strong>qui</strong></span> <span class='ocrx_word' id='word_1_127' title='bbox 509 1791 530 1834; x_wconf 91' lang='lat' dir='ltr'><strong>a</strong></span> <span class='ocrx_word' id='word_1_128' title='bbox 543 1767 690 1858; x_wconf 87' lang='lat' dir='ltr'><strong>proxima</strong></span> <span class='ocrx_word' id='word_1_129' title='bbox 706 1786 781 1830; x_wconf 88' lang='lat' dir='ltr'><strong>cum</strong></span> <span class='ocrx_word' id='word_1_130' title='bbox 801 1765 861 1831; x_wconf 89' lang='lat' dir='ltr'><strong>deo</strong></span> <span class='ocrx_word' id='word_1_131' title='bbox 881 1765 1102 1834; x_wconf 87' lang='lat' dir='ltr'><strong>communione</strong></span> <span class='ocrx_word' id='word_1_132' title='bbox 1121 1789 1233 1856; x_wconf 87' lang='lat' dir='ltr'><strong>arcen-</strong></span> 
     </span>
     <span class='ocr_line' id='line_1_15' title="bbox 45 1864 1233 1960; baseline 0.006 -31"><span class='ocrx_word' id='word_1_133' title='bbox 45 1864 90 1942; x_wconf 83' lang='lat' dir='ltr'><strong>tur,</strong></span> <span class='ocrx_word' id='word_1_134' title='bbox 102 1867 370 1960; x_wconf 82' lang='lat' dir='ltr'><strong>alienigenae,</strong></span> <span class='ocrx_word' id='word_1_135' title='bbox 385 1869 442 1956; x_wconf 89' lang='lat' dir='ltr'><strong>qui</strong></span> <span class='ocrx_word' id='word_1_136' title='bbox 455 1868 821 1958; x_wconf 85' lang='lat' dir='ltr'><strong>noningredientur</strong></span> <span class='ocrx_word' id='word_1_137' title='bbox 837 1867 876 1932; x_wconf 92' lang='lat' dir='ltr'><strong>in</strong></span> <span class='ocrx_word' id='word_1_138' title='bbox 888 1868 1034 1934; x_wconf 89' lang='lat' dir='ltr'><strong>sancta.</strong></span> <span class='ocrx_word' id='word_1_139' title='bbox 1057 1869 1126 1936; x_wconf 86' lang='lat' dir='ltr'><strong>Soli</strong></span> <span class='ocrx_word' id='word_1_140' title='bbox 1136 1871 1233 1951; x_wconf 89' lang='lat' dir='ltr'><strong>enim,</strong></span> 
     </span>
     <span class='ocr_line' id='line_1_16' title="bbox 48 1967 1234 2060; baseline 0.006 -28"><span class='ocrx_word' id='word_1_141' title='bbox 48 1967 187 2050; x_wconf 86' lang='lat' dir='ltr'><strong>quivitam</strong></span> <span class='ocrx_word' id='word_1_142' title='bbox 201 1975 309 2059; x_wconf 79' lang='lat' dir='ltr'><strong>agrmt</strong></span> <span class='ocrx_word' id='word_1_143' title='bbox 328 1995 459 2060; x_wconf 86' lang='lat' dir='ltr'><strong>puram,</strong></span> <span class='ocrx_word' id='word_1_144' title='bbox 478 1996 552 2040; x_wconf 87' lang='lat' dir='ltr'><strong>vere</strong></span> <span class='ocrx_word' id='word_1_145' title='bbox 573 1974 651 2038; x_wconf 90' lang='lat' dir='ltr'><strong>sunt</strong></span> <span class='ocrx_word' id='word_1_146' title='bbox 670 1969 722 2036; x_wconf 92' lang='lat' dir='ltr'><strong>dei</strong></span> <span class='ocrx_word' id='word_1_147' title='bbox 742 1969 936 2036; x_wconf 87' lang='lat' dir='ltr'><strong>sacerdotes.</strong></span> <span class='ocrx_word' id='word_1_148' title='bbox 980 1969 1055 2052; x_wconf 84' lang='lat' dir='ltr'><strong>Qua</strong></span> <span class='ocrx_word' id='word_1_149' title='bbox 1074 1971 1115 2037; x_wconf 90' lang='lat' dir='ltr'><strong>de</strong></span> <span class='ocrx_word' id='word_1_150' title='bbox 1135 1995 1234 2039; x_wconf 87' lang='lat' dir='ltr'><strong>causa</strong></span> 
     </span>
     <span class='ocr_line' id='line_1_17' title="bbox 51 2064 1346 2161; baseline 0.002 -23"><span class='ocrx_word' id='word_1_151' title='bbox 51 2086 117 2153; x_wconf 77' lang='lat' dir='ltr'><strong>quum</strong></span> <span class='ocrx_word' id='word_1_152' title='bbox 139 2096 252 2142; x_wconf 89' lang='lat' dir='ltr'><strong>omnes</strong></span> <span class='ocrx_word' id='word_1_153' title='bbox 278 2074 385 2142; x_wconf 87' lang='lat' dir='ltr'><strong>tribus</strong></span> <span class='ocrx_word' id='word_1_154' title='bbox 410 2071 727 2150; x_wconf 85' lang='lat' dir='ltr'><strong>circumciderentur,</strong></span> <span class='ocrx_word' id='word_1_155' title='bbox 755 2064 931 2140; x_wconf 81' lang='lat' dir='ltr'><strong>sanctiores</strong></span> <span class='ocrx_word' id='word_1_156' title='bbox 957 2075 1128 2161; x_wconf 85' lang='lat' dir='ltr'><strong>reputatae</strong></span> <span class='ocrx_word' id='word_1_157' title='bbox 1154 2079 1233 2142; x_wconf 90' lang='lat' dir='ltr'><strong>sunt</strong></span> <span class='ocrx_word' id='word_1_158' title='bbox 1340 2065 1346 2075; x_wconf 74' lang='lat'>&#39;</span> 
     </span>
     <span class='ocr_line' id='line_1_18' title="bbox 47 2173 1230 2264; baseline 0.003 -23"><span class='ocrx_word' id='word_1_159' title='bbox 47 2188 90 2248; x_wconf 65' lang='lat' dir='ltr'><strong>te,</strong></span> <span class='ocrx_word' id='word_1_160' title='bbox 103 2197 180 2260; x_wconf 86' lang='lat' dir='ltr'><strong>quaa</strong></span> <span class='ocrx_word' id='word_1_161' title='bbox 192 2177 229 2243; x_wconf 90' lang='lat' dir='ltr'><strong>in</strong></span> <span class='ocrx_word' id='word_1_162' title='bbox 245 2176 432 2256; x_wconf 88' lang='lat' dir='ltr'><strong>Pontifices,</strong></span> <span class='ocrx_word' id='word_1_163' title='bbox 447 2177 555 2264; x_wconf 86' lang='lat' dir='ltr'><strong>Reges</strong></span> <span class='ocrx_word' id='word_1_164' title='bbox 570 2175 751 2264; x_wconf 86' lang='lat' dir='ltr'><strong>Prophetas</strong></span> <span class='ocrx_word' id='word_1_165' title='bbox 767 2173 983 2260; x_wconf 84' lang='lat' dir='ltr'><strong>ungebantur,</strong></span> <span class='ocrx_word' id='word_1_166' title='bbox 998 2175 1115 2261; x_wconf 85' lang='lat' dir='ltr'><strong>quibus</strong></span> <span class='ocrx_word' id='word_1_167' title='bbox 1130 2177 1230 2244; x_wconf 82' lang='lat' dir='ltr'><strong>etiam</strong></span> 
     </span>
     <span class='ocr_line' id='line_1_19' title="bbox 45 2273 1230 2368; baseline 0.003 -26"><span class='ocrx_word' id='word_1_168' title='bbox 45 2273 138 2344; x_wconf 74' lang='lat' dir='ltr'><strong>multae</strong></span> <span class='ocrx_word' id='word_1_169' title='bbox 150 2279 359 2368; x_wconf 81' lang='lat' dir='ltr'><strong>purgationis</strong></span> <span class='ocrx_word' id='word_1_170' title='bbox 374 2279 464 2366; x_wconf 86' lang='lat' dir='ltr'><strong>leges</strong></span> <span class='ocrx_word' id='word_1_171' title='bbox 481 2277 568 2344; x_wconf 86' lang='lat' dir='ltr'><strong>latae</strong></span> <span class='ocrx_word' id='word_1_172' title='bbox 583 2285 669 2344; x_wconf 80' lang='lat' dir='ltr'><strong>sunt</strong></span> <span class='ocrx_word' id='word_1_173' title='bbox 701 2277 900 2344; x_wconf 89' lang='lat' dir='ltr'><strong>Munditiam</strong></span> <span class='ocrx_word' id='word_1_174' title='bbox 914 2280 1023 2344; x_wconf 83' lang='lat' dir='ltr'><strong>autem</strong></span> <span class='ocrx_word' id='word_1_175' title='bbox 1038 2283 1073 2343; x_wconf 90' lang='lat' dir='ltr'><strong>et</strong></span> <span class='ocrx_word' id='word_1_176' title='bbox 1087 2280 1230 2368; x_wconf 88' lang='lat' dir='ltr'><strong>corporis</strong></span> 
     </span>
     <span class='ocr_line' id='line_1_20' title="bbox 44 2369 1313 2470; baseline 0.002 -24"><span class='ocrx_word' id='word_1_177' title='bbox 44 2375 199 2462; x_wconf 66' lang='lat' dir='ltr'><strong>lituinias,</strong></span> <span class='ocrx_word' id='word_1_178' title='bbox 215 2405 316 2470; x_wconf 90' lang='lat' dir='ltr'><strong>quam</strong></span> <span class='ocrx_word' id='word_1_179' title='bbox 332 2381 506 2468; x_wconf 67' lang='lat' dir='ltr'><strong>[gnosticus</strong></span> <span class='ocrx_word' id='word_1_180' title='bbox 526 2369 742 2468; x_wconf 85' lang='lat' dir='ltr'><strong>persequitur,</strong></span> <span class='ocrx_word' id='word_1_181' title='bbox 761 2379 907 2467; x_wconf 88' lang='lat' dir='ltr'><strong>Moyses,</strong></span> <span class='ocrx_word' id='word_1_182' title='bbox 926 2379 1119 2468; x_wconf 86' lang='lat' dir='ltr'><strong>repetitione</strong></span> <span class='ocrx_word' id='word_1_183' title='bbox 1137 2405 1229 2462; x_wconf 89' lang='lat' dir='ltr'><strong>usus,</strong></span> <span class='ocrx_word' id='word_1_184' title='bbox 1309 2399 1313 2416; x_wconf 84' lang='lat'>¹</span> 
     </span>
     <span class='ocr_line' id='line_1_21' title="bbox 44 2474 1230 2573; baseline 0.003 -25"><span class='ocrx_word' id='word_1_185' title='bbox 44 2474 147 2557; x_wconf 75' lang='lat' dir='ltr'><strong>pulchre</strong></span> <span class='ocrx_word' id='word_1_186' title='bbox 174 2484 373 2573; x_wconf 86' lang='lat' dir='ltr'><strong>significavit</strong></span> <span class='ocrx_word' id='word_1_187' title='bbox 393 2481 535 2572; x_wconf 87' lang='lat' dir='ltr'><strong>corporis</strong></span> <span class='ocrx_word' id='word_1_188' title='bbox 561 2486 597 2549; x_wconf 90' lang='lat' dir='ltr'><strong>et</strong></span> <span class='ocrx_word' id='word_1_189' title='bbox 616 2483 742 2550; x_wconf 88' lang='lat' dir='ltr'><strong>animae</strong></span> <span class='ocrx_word' id='word_1_190' title='bbox 763 2481 1034 2570; x_wconf 78' lang='lat' dir='ltr'><strong>incorruptionem</strong></span> <span class='ocrx_word' id='word_1_191' title='bbox 1040 2529 1050 2561; x_wconf 91' lang='lat'><strong>,</strong></span> <span class='ocrx_word' id='word_1_192' title='bbox 1071 2507 1170 2571; x_wconf 91' lang='lat' dir='ltr'><strong>quum</strong></span> <span class='ocrx_word' id='word_1_193' title='bbox 1189 2485 1230 2552; x_wconf 89' lang='lat' dir='ltr'><strong>de</strong></span> 
     </span>
     <span class='ocr_line' id='line_1_22' title="bbox 42 2572 1230 2676; baseline 0.005 -28"><span class='ocrx_word' id='word_1_194' title='bbox 42 2572 276 2654; x_wconf 67' lang='lat' dir='ltr'><strong>Rebeccadicat:</strong></span> <span class='ocrx_word' id='word_1_195' title='bbox 288 2587 415 2674; x_wconf 81' lang='lat' dir='ltr'><strong>„Virgo</strong></span> <span class='ocrx_word' id='word_1_196' title='bbox 429 2588 538 2654; x_wconf 86' lang='lat' dir='ltr'><strong>autem</strong></span> <span class='ocrx_word' id='word_1_197' title='bbox 549 2589 620 2652; x_wconf 89' lang='lat' dir='ltr'><strong>erat</strong></span> <span class='ocrx_word' id='word_1_198' title='bbox 630 2586 774 2675; x_wconf 89' lang='lat' dir='ltr'><strong>pulchra,</strong></span> <span class='ocrx_word' id='word_1_199' title='bbox 786 2586 837 2652; x_wconf 90' lang='lat' dir='ltr'><strong>vir</strong></span> <span class='ocrx_word' id='word_1_200' title='bbox 848 2607 912 2652; x_wconf 90' lang='lat' dir='ltr'><strong>non</strong></span> <span class='ocrx_word' id='word_1_201' title='bbox 926 2585 1080 2672; x_wconf 88' lang='lat' dir='ltr'><strong>cognovit</strong></span> <span class='ocrx_word' id='word_1_202' title='bbox 1089 2587 1230 2676; x_wconf 88' lang='lat' dir='ltr'><strong>ipsam.“</strong></span> 
     </span>
     <span class='ocr_line' id='line_1_23' title="bbox 42 2674 1229 2778; baseline 0.001 -24"><span class='ocrx_word' id='word_1_203' title='bbox 42 2674 162 2754; x_wconf 78' lang='lat' dir='ltr'><strong>Rebecca</strong></span> <span class='ocrx_word' id='word_1_204' title='bbox 186 2690 274 2758; x_wconf 86' lang='lat' dir='ltr'><strong>enim</strong></span> <span class='ocrx_word' id='word_1_205' title='bbox 300 2687 488 2778; x_wconf 80' lang='lat' dir='ltr'><strong>exponitur:</strong></span> <span class='ocrx_word' id='word_1_206' title='bbox 506 2689 569 2755; x_wconf 89' lang='lat' dir='ltr'><strong>dei</strong></span> <span class='ocrx_word' id='word_1_207' title='bbox 590 2689 733 2775; x_wconf 84' lang='lat' dir='ltr'><strong>gloria.</strong></span> <span class='ocrx_word' id='word_1_208' title='bbox 782 2689 889 2774; x_wconf 90' lang='lat' dir='ltr'><strong>Atqui</strong></span> <span class='ocrx_word' id='word_1_209' title='bbox 908 2687 960 2776; x_wconf 77' lang='lat' dir='ltr'><strong>dci</strong></span> <span class='ocrx_word' id='word_1_210' title='bbox 981 2687 1085 2775; x_wconf 88' lang='lat' dir='ltr'><strong>gloria</strong></span> <span class='ocrx_word' id='word_1_211' title='bbox 1109 2691 1162 2754; x_wconf 88' lang='lat' dir='ltr'><strong>cst</strong></span> <span class='ocrx_word' id='word_1_212' title='bbox 1179 2689 1229 2755; x_wconf 90' lang='lat' dir='ltr'><strong>in·</strong></span> 
     </span>
     <span class='ocr_line' id='line_1_24' title="bbox 42 2790 1232 2880; baseline 0.005 -28"><span class='ocrx_word' id='word_1_213' title='bbox 42 2791 191 2876; x_wconf 75' lang='lat' dir='ltr'><strong>enuptio.</strong></span> <span class='ocrx_word' id='word_1_214' title='bbox 234 2792 329 2860; x_wconf 86' lang='lat' dir='ltr'><strong>Haec</strong></span> <span class='ocrx_word' id='word_1_215' title='bbox 343 2795 395 2858; x_wconf 86' lang='lat' dir='ltr'><strong>est</strong></span> <span class='ocrx_word' id='word_1_216' title='bbox 410 2813 486 2858; x_wconf 90' lang='lat' dir='ltr'><strong>vera</strong></span> <span class='ocrx_word' id='word_1_217' title='bbox 498 2790 638 2870; x_wconf 77' lang='lat' dir='ltr'><strong>iustitia,</strong></span> <span class='ocrx_word' id='word_1_218' title='bbox 658 2791 742 2858; x_wconf 87' lang='lat' dir='ltr'><strong>nulle</strong></span> <span class='ocrx_word' id='word_1_219' title='bbox 761 2790 808 2856; x_wconf 89' lang='lat' dir='ltr'><strong>rei</strong></span> <span class='ocrx_word' id='word_1_220' title='bbox 823 2791 957 2856; x_wconf 87' lang='lat' dir='ltr'><strong>alterius</strong></span> <span class='ocrx_word' id='word_1_221' title='bbox 971 2790 1045 2878; x_wconf 88' lang='lat' dir='ltr'><strong>plus</strong></span> <span class='ocrx_word' id='word_1_222' title='bbox 1060 2813 1157 2876; x_wconf 90' lang='lat' dir='ltr'><strong>quam</strong></span> <span class='ocrx_word' id='word_1_223' title='bbox 1171 2813 1232 2880; x_wconf 89' lang='lat' dir='ltr'><strong>par</strong></span> 
     </span>
     <span class='ocr_line' id='line_1_25' title="bbox 43 2880 1228 2984; baseline 0.014 -40"><span class='ocrx_word' id='word_1_224' title='bbox 43 2880 209 2973; x_wconf 82' lang='lat' dir='ltr'><strong>aithabare,</strong></span> <span class='ocrx_word' id='word_1_225' title='bbox 239 2893 309 2961; x_wconf 89' lang='lat' dir='ltr'><strong>sed</strong></span> <span class='ocrx_word' id='word_1_226' title='bbox 328 2895 457 2960; x_wconf 92' lang='lat' dir='ltr'><strong>totum</strong></span> <span class='ocrx_word' id='word_1_227' title='bbox 483 2915 571 2960; x_wconf 88' lang='lat' dir='ltr'><strong>csse</strong></span> <span class='ocrx_word' id='word_1_228' title='bbox 598 2893 788 2982; x_wconf 86' lang='lat' dir='ltr'><strong>templum</strong></span> <span class='ocrx_word' id='word_1_229' title='bbox 815 2892 963 2958; x_wconf 92' lang='lat' dir='ltr'><strong>domini</strong></span> <span class='ocrx_word' id='word_1_230' title='bbox 992 2893 1228 2984; x_wconf 82' lang='lat' dir='ltr'><strong>sanctifica-</strong></span> 
     </span>
     <span class='ocr_line' id='line_1_26' title="bbox 41 2983 1230 3084; baseline -0.004 -19"><span class='ocrx_word' id='word_1_231' title='bbox 41 2983 111 3056; x_wconf 72' lang='lat' dir='ltr'><strong>lflffl·</strong></span> <span class='ocrx_word' id='word_1_232' title='bbox 144 2995 168 3064; x_wconf 79' lang='lat' dir='ltr'><strong>,J</strong></span> <span class='ocrx_word' id='word_1_233' title='bbox 169 2997 287 3064; x_wconf 88' lang='lat' dir='ltr'><strong>ustitia</strong></span> <span class='ocrx_word' id='word_1_234' title='bbox 300 2996 403 3084; x_wconf 84' lang='lat' dir='ltr'><strong>igitur</strong></span> <span class='ocrx_word' id='word_1_235' title='bbox 422 2998 475 3062; x_wconf 89' lang='lat' dir='ltr'><strong>cst</strong></span> <span class='ocrx_word' id='word_1_236' title='bbox 493 2995 581 3062; x_wconf 75' lang='lat' dir='ltr'><strong>vita&#39;e</strong></span> <span class='ocrx_word' id='word_1_237' title='bbox 595 2999 768 3084; x_wconf 77' lang='lat' dir='ltr'><strong>paratque</strong></span> <span class='ocrx_word' id='word_1_238' title='bbox 782 2993 867 3060; x_wconf 90' lang='lat' dir='ltr'><strong>bona</strong></span> <span class='ocrx_word' id='word_1_239' title='bbox 882 2992 1061 3072; x_wconf 89' lang='lat' dir='ltr'><strong>stabilitas,</strong></span> <span class='ocrx_word' id='word_1_240' title='bbox 1076 2995 1118 3059; x_wconf 87' lang='lat' dir='ltr'><strong>ad</strong></span> <span class='ocrx_word' id='word_1_241' title='bbox 1133 3017 1230 3080; x_wconf 89' lang='lat' dir='ltr'><strong>quam</strong></span> 
     </span>
     <span class='ocr_line' id='line_1_27' title="bbox 41 3081 1359 3188; baseline -0.001 -24"><span class='ocrx_word' id='word_1_242' title='bbox 41 3081 177 3164; x_wconf 71' lang='lat' dir='ltr'><strong>Dominus</strong></span> <span class='ocrx_word' id='word_1_243' title='bbox 191 3099 368 3188; x_wconf 86' lang='lat' dir='ltr'><strong>ablegavit,</strong></span> <span class='ocrx_word' id='word_1_244' title='bbox 385 3098 477 3164; x_wconf 84' lang='lat' dir='ltr'><strong>dum:</strong></span> <span class='ocrx_word' id='word_1_245' title='bbox 500 3097 595 3176; x_wconf 87' lang='lat' dir='ltr'><strong>Abi,</strong></span> <span class='ocrx_word' id='word_1_246' title='bbox 617 3095 739 3182; x_wconf 89' lang='lat' dir='ltr'><strong>inquit,</strong></span> <span class='ocrx_word' id='word_1_247' title='bbox 760 3095 800 3162; x_wconf 91' lang='lat' dir='ltr'><strong>in</strong></span> <span class='ocrx_word' id='word_1_248' title='bbox 819 3117 964 3184; x_wconf 89' lang='lat' dir='ltr'><strong>pacem.</strong></span> <span class='ocrx_word' id='word_1_249' title='bbox 1009 3095 1118 3162; x_wconf 89' lang='lat' dir='ltr'><strong>Salem</strong></span> <span class='ocrx_word' id='word_1_250' title='bbox 1132 3119 1228 3184; x_wconf 89' lang='lat' dir='ltr'><strong>porro</strong></span> <span class='ocrx_word' id='word_1_251' title='bbox 1357 3173 1359 3180; x_wconf 13' lang='lat' dir='ltr'>y</span> 
     </span>
     <span class='ocr_line' id='line_1_28' title="bbox 41 3197 1227 3289; baseline -0.002 -19"><span class='ocrx_word' id='word_1_252' title='bbox 41 3207 89 3270; x_wconf 57' lang='grc' dir='ltr'><strong>ΡΗ</strong></span> <span class='ocrx_word' id='word_1_253' title='bbox 116 3202 312 3289; x_wconf 82' lang='lat' dir='ltr'><strong>explicatur,</strong></span> <span class='ocrx_word' id='word_1_254' title='bbox 333 3201 439 3268; x_wconf 34' lang='lat' dir='ltr'><strong>rcuius</strong></span> <span class='ocrx_word' id='word_1_255' title='bbox 472 3199 563 3288; x_wconf 89' lang='lat' dir='ltr'><strong>pacis</strong></span> <span class='ocrx_word' id='word_1_256' title='bbox 599 3199 754 3266; x_wconf 82' lang='lat' dir='ltr'><strong>Servatur</strong></span> <span class='ocrx_word' id='word_1_257' title='bbox 786 3201 899 3264; x_wconf 83' lang='lat' dir='ltr'><strong>noster</strong></span> <span class='ocrx_word' id='word_1_258' title='bbox 931 3219 989 3264; x_wconf 85' lang='lat' dir='ltr'><strong>rex</strong></span> <span class='ocrx_word' id='word_1_259' title='bbox 1022 3197 1227 3270; x_wconf 84' lang='lat' dir='ltr'><strong>describitur.</strong></span> 
     </span>
     <span class='ocr_line' id='line_1_29' title="bbox 41 3284 1227 3388; baseline 0.005 -26"><span class='ocrx_word' id='word_1_260' title='bbox 41 3284 309 3372; x_wconf 79' lang='lat' dir='ltr'><strong>Melchisedech</strong></span> <span class='ocrx_word' id='word_1_261' title='bbox 323 3307 432 3370; x_wconf 87' lang='lat' dir='ltr'><strong>autem</strong></span> <span class='ocrx_word' id='word_1_262' title='bbox 444 3301 620 3370; x_wconf 91' lang='lat' dir='ltr'><strong>secundum</strong></span> <span class='ocrx_word' id='word_1_263' title='bbox 631 3301 781 3388; x_wconf 88' lang='lat' dir='ltr'><strong>Moysem</strong></span> <span class='ocrx_word' id='word_1_264' title='bbox 794 3323 863 3368; x_wconf 88' lang='lat' dir='ltr'><strong>rex</strong></span> <span class='ocrx_word' id='word_1_265' title='bbox 878 3301 1024 3384; x_wconf 85' lang='lat' dir='ltr'><strong>Salem,</strong></span> <span class='ocrx_word' id='word_1_266' title='bbox 1042 3301 1227 3368; x_wconf 87' lang='lat' dir='ltr'><strong>sacerdos</strong></span> 
     </span>
     <span class='ocr_line' id='line_1_30' title="bbox 41 3388 1226 3493; baseline 0.014 -40"><span class='ocrx_word' id='word_1_267' title='bbox 41 3388 87 3460; x_wconf 88' lang='lat' dir='ltr'><strong>dei</strong></span> <span class='ocrx_word' id='word_1_268' title='bbox 99 3401 304 3484; x_wconf 84' lang='lat' dir='ltr'><strong>altissimi,</strong></span> <span class='ocrx_word' id='word_1_269' title='bbox 325 3405 381 3492; x_wconf 91' lang='lat' dir='ltr'><strong>qui</strong></span> <span class='ocrx_word' id='word_1_270' title='bbox 396 3405 526 3474; x_wconf 91' lang='lat' dir='ltr'><strong>vinnm</strong></span> <span class='ocrx_word' id='word_1_271' title='bbox 541 3409 581 3472; x_wconf 91' lang='lat' dir='ltr'><strong>et</strong></span> <span class='ocrx_word' id='word_1_272' title='bbox 594 3427 732 3493; x_wconf 87' lang='lat' dir='ltr'><strong>panem</strong></span> <span class='ocrx_word' id='word_1_273' title='bbox 744 3404 980 3471; x_wconf 87' lang='lat' dir='ltr'><strong>sanctificatum</strong></span> <span class='ocrx_word' id='word_1_274' title='bbox 992 3403 1083 3488; x_wconf 87' lang='lat' dir='ltr'><strong>dedit</strong></span> <span class='ocrx_word' id='word_1_275' title='bbox 1093 3403 1226 3470; x_wconf 88' lang='lat' dir='ltr'><strong>alimen-</strong></span> 
     </span>
     <span class='ocr_line' id='line_1_31' title="bbox 42 3491 1228 3604; baseline -0.004 -28"><span class='ocrx_word' id='word_1_276' title='bbox 42 3491 93 3604; x_wconf 63' lang='lat' dir='ltr'><strong>lum</strong></span> <span class='ocrx_word' id='word_1_277' title='bbox 105 3503 134 3576; x_wconf 84' lang='lat' dir='ltr'><strong>lh</strong></span> <span class='ocrx_word' id='word_1_278' title='bbox 146 3511 255 3600; x_wconf 60' lang='lat' dir='ltr'><strong>typum</strong></span> <span class='ocrx_word' id='word_1_279' title='bbox 267 3507 486 3580; x_wconf 73' lang='lat' dir='ltr'><strong>Eucharistiae.</strong></span> <span class='ocrx_word' id='word_1_280' title='bbox 509 3506 697 3589; x_wconf 76' lang='lat' dir='ltr'><strong>Quinetiam</strong></span> <span class='ocrx_word' id='word_1_281' title='bbox 717 3505 954 3574; x_wconf 89' lang='lat' dir='ltr'><strong>Melchisedech</strong></span> <span class='ocrx_word' id='word_1_282' title='bbox 973 3505 1147 3596; x_wconf 87' lang='lat' dir='ltr'><strong>exponitur</strong></span> <span class='ocrx_word' id='word_1_283' title='bbox 1160 3527 1228 3572; x_wconf 87' lang='lat' dir='ltr'><strong>rex</strong></span> 
     </span>
     <span class='ocr_line' id='line_1_32' title="bbox 41 3607 1230 3704; baseline 0.004 -35"><span class='ocrx_word' id='word_1_284' title='bbox 41 3607 168 3675; x_wconf 78' lang='lat' dir='ltr'><strong>ustus.</strong></span> <span class='ocrx_word' id='word_1_285' title='bbox 210 3610 335 3678; x_wconf 82' lang='lat' dir='ltr'><strong>Eodem</strong></span> <span class='ocrx_word' id='word_1_286' title='bbox 351 3611 459 3676; x_wconf 87' lang='lat' dir='ltr'><strong>autem</strong></span> <span class='ocrx_word' id='word_1_287' title='bbox 481 3610 609 3676; x_wconf 89' lang='lat' dir='ltr'><strong>nomine</strong></span> <span class='ocrx_word' id='word_1_288' title='bbox 628 3609 773 3698; x_wconf 85' lang='lat' dir='ltr'><strong>gaudent</strong></span> <span class='ocrx_word' id='word_1_289' title='bbox 792 3607 921 3675; x_wconf 88' lang='lat' dir='ltr'><strong>iustitia</strong></span> <span class='ocrx_word' id='word_1_290' title='bbox 940 3611 975 3674; x_wconf 90' lang='lat' dir='ltr'><strong>et</strong></span> <span class='ocrx_word' id='word_1_291' title='bbox 994 3631 1069 3704; x_wconf 84' lang='lat' dir='ltr'><strong>pax.</strong></span> <span class='ocrx_word' id='word_1_292' title='bbox 1113 3608 1160 3674; x_wconf 83' lang='lat' dir='ltr'><strong>Et</strong></span> <span class='ocrx_word' id='word_1_293' title='bbox 1178 3607 1230 3674; x_wconf 88' lang='lat' dir='ltr'><strong>his</strong></span> 
     </span>
     <span class='ocr_line' id='line_1_33' title="bbox 42 3700 1268 3802; baseline -0.004 -21"><span class='ocrx_word' id='word_1_294' title='bbox 42 3700 149 3780; x_wconf 75' lang='lat' dir='ltr'><strong>tndem</strong></span> <span class='ocrx_word' id='word_1_295' title='bbox 172 3711 339 3802; x_wconf 81' lang='lat' dir='ltr'><strong>mysteriis</strong></span> <span class='ocrx_word' id='word_1_296' title='bbox 359 3733 434 3779; x_wconf 85' lang='lat' dir='ltr'><strong>vare</strong></span> <span class='ocrx_word' id='word_1_297' title='bbox 453 3735 517 3802; x_wconf 87' lang='lat' dir='ltr'><strong>nos</strong></span> <span class='ocrx_word' id='word_1_298' title='bbox 533 3713 645 3780; x_wconf 87' lang='lat' dir='ltr'><strong>initiat</strong></span> <span class='ocrx_word' id='word_1_299' title='bbox 664 3713 828 3780; x_wconf 83' lang='lat' dir='ltr'><strong>Servatur.</strong></span> <span class='ocrx_word' id='word_1_300' title='bbox 872 3710 965 3776; x_wconf 77' lang='lat' dir='ltr'><strong>Deus</strong></span> <span class='ocrx_word' id='word_1_301' title='bbox 985 3713 1094 3776; x_wconf 85' lang='lat' dir='ltr'><strong>autam</strong></span> <span class='ocrx_word' id='word_1_302' title='bbox 1113 3731 1229 3798; x_wconf 88' lang='lat' dir='ltr'><strong>expers</strong></span> <span class='ocrx_word' id='word_1_303' title='bbox 1263 3703 1268 3718; x_wconf 74' lang='grc'><em>’</em></span> 
     </span>
     <span class='ocr_line' id='line_1_34' title="bbox 41 3801 1226 3904; baseline -0.003 -24"><span class='ocrx_word' id='word_1_304' title='bbox 41 3801 181 3900; x_wconf 65' lang='lat' dir='ltr'><strong>principii,</strong></span> <span class='ocrx_word' id='word_1_305' title='bbox 214 3815 393 3904; x_wconf 77' lang='lat' dir='ltr'><strong>perfectum</strong></span> <span class='ocrx_word' id='word_1_306' title='bbox 420 3814 641 3884; x_wconf 85' lang='lat' dir='ltr'><strong>universorum</strong></span> <span class='ocrx_word' id='word_1_307' title='bbox 666 3813 874 3902; x_wconf 87' lang='lat' dir='ltr'><strong>principium,</strong></span> <span class='ocrx_word' id='word_1_308' title='bbox 899 3805 1049 3900; x_wconf 90' lang='lat' dir='ltr'><strong>principii</strong></span> <span class='ocrx_word' id='word_1_309' title='bbox 1073 3811 1226 3890; x_wconf 83' lang='lat' dir='ltr'><strong>efficiens,</strong></span> 
     </span>
     <span class='ocr_line' id='line_1_35' title="bbox 41 3910 1228 4005; baseline -0.001 -24"><span class='ocrx_word' id='word_1_310' title='bbox 41 3910 472 4004; x_wconf 72' lang='lat' dir='ltr'><strong>lucanusquidemessenua</strong></span> <span class='ocrx_word' id='word_1_311' title='bbox 492 3919 554 3995; x_wconf 88' lang='lat' dir='ltr'><strong>est,</strong></span> <span class='ocrx_word' id='word_1_312' title='bbox 575 3916 769 4005; x_wconf 91' lang='lat' dir='ltr'><strong>principium</strong></span> <span class='ocrx_word' id='word_1_313' title='bbox 788 3917 842 3981; x_wconf 89' lang='lat' dir='ltr'><strong>est</strong></span> <span class='ocrx_word' id='word_1_314' title='bbox 854 3914 917 3981; x_wconf 90' lang='lat' dir='ltr'><strong>loci</strong></span> <span class='ocrx_word' id='word_1_315' title='bbox 936 3913 1123 3992; x_wconf 83' lang='lat' dir='ltr'><strong>efficientis3</strong></span> <span class='ocrx_word' id='word_1_316' title='bbox 1147 3937 1228 4000; x_wconf 88' lang='lat' dir='ltr'><strong>qua·</strong></span> 
     </span>
     <span class='ocr_line' id='line_1_36' title="bbox 41 3996 1227 4108; baseline 0.003 -27"><span class='ocrx_word' id='word_1_317' title='bbox 41 3996 543 4098; x_wconf 70' lang='lat' dir='ltr'><strong>tuoruumhonum,m0ra1is;</strong></span> <span class='ocrx_word' id='word_1_318' title='bbox 566 4021 726 4104; x_wconf 88' lang='lat' dir='ltr'><strong>quatenus</strong></span> <span class='ocrx_word' id='word_1_319' title='bbox 746 4039 859 4084; x_wconf 85' lang='lat' dir='ltr'><strong>rursus</strong></span> <span class='ocrx_word' id='word_1_320' title='bbox 879 4039 981 4094; x_wconf 88' lang='lat' dir='ltr'><strong>mens,</strong></span> <span class='ocrx_word' id='word_1_321' title='bbox 1001 4008 1227 4108; x_wconf 86' lang='lat' dir='ltr'><strong>ratiocinantis</strong></span> 
     </span>
     <span class='ocr_line' id='line_1_37' title="bbox 41 4093 1228 4198; baseline 0.017 -34"><span class='ocrx_word' id='word_1_322' title='bbox 41 4093 88 4170; x_wconf 90' lang='lat' dir='ltr'><strong>loci</strong></span> <span class='ocrx_word' id='word_1_323' title='bbox 106 4116 332 4190; x_wconf 87' lang='lat' dir='ltr'><strong>etiudicantis.</strong></span> <span class='ocrx_word' id='word_1_324' title='bbox 376 4120 474 4188; x_wconf 86' lang='lat' dir='ltr'><strong>Unde</strong></span> <span class='ocrx_word' id='word_1_325' title='bbox 498 4119 596 4186; x_wconf 89' lang='lat' dir='ltr'><strong>etiam</strong></span> <span class='ocrx_word' id='word_1_326' title='bbox 622 4121 710 4188; x_wconf 90' lang='lat' dir='ltr'><strong>solus</strong></span> <span class='ocrx_word' id='word_1_327' title='bbox 735 4123 788 4186; x_wconf 88' lang='lat' dir='ltr'><strong>cst</strong></span> <span class='ocrx_word' id='word_1_328' title='bbox 812 4120 939 4198; x_wconf 90' lang='lat' dir='ltr'><strong>doctor,</strong></span> <span class='ocrx_word' id='word_1_329' title='bbox 967 4118 1055 4186; x_wconf 88' lang='lat' dir='ltr'><strong>solus</strong></span> <span class='ocrx_word' id='word_1_330' title='bbox 1075 4117 1228 4184; x_wconf 87' lang='lat' dir='ltr'><strong>altissimi</strong></span> 
     </span>
     <span class='ocr_line' id='line_1_38' title="bbox 41 4194 1228 4308; baseline -0.002 -18"><span class='ocrx_word' id='word_1_331' title='bbox 41 4194 131 4280; x_wconf 67' lang='lat' dir='ltr'><strong>Pani,</strong></span> <span class='ocrx_word' id='word_1_332' title='bbox 158 4221 279 4302; x_wconf 84' lang='lat' dir='ltr'><strong>Filius,</strong></span> <span class='ocrx_word' id='word_1_333' title='bbox 313 4222 463 4290; x_wconf 83' lang='lat' dir='ltr'><strong>erudiens</strong></span> <span class='ocrx_word' id='word_1_334' title='bbox 492 4221 663 4290; x_wconf 89' lang='lat' dir='ltr'><strong>hominem.</strong></span> <span class='ocrx_word' id='word_1_335' title='bbox 719 4221 787 4290; x_wconf 86' lang='lat' dir='ltr'><strong>Sed</strong></span> <span class='ocrx_word' id='word_1_336' title='bbox 816 4243 836 4288; x_wconf 86' lang='lat' dir='ltr'><strong>a</strong></span> <span class='ocrx_word' id='word_1_337' title='bbox 861 4219 1023 4308; x_wconf 82' lang='lat' dir='ltr'><strong>dogmatis</strong></span> <span class='ocrx_word' id='word_1_338' title='bbox 1052 4221 1094 4288; x_wconf 89' lang='lat' dir='ltr'><strong>ad</strong></span> <span class='ocrx_word' id='word_1_339' title='bbox 1122 4219 1228 4288; x_wconf 90' lang='lat' dir='ltr'><strong>locum</strong></span> 
     </span>
     <span class='ocr_line' id='line_1_39' title="bbox 41 4315 812 4416; baseline 0.003 -26"><span class='ocrx_word' id='word_1_340' title='bbox 41 4315 171 4390; x_wconf 65' lang='lat' dir='ltr'><strong>moralem</strong></span> <span class='ocrx_word' id='word_1_341' title='bbox 184 4327 377 4416; x_wconf 88' lang='lat' dir='ltr'><strong>apertiorem</strong></span> <span class='ocrx_word' id='word_1_342' title='bbox 390 4325 521 4412; x_wconf 84' lang='lat' dir='ltr'><strong>quidem</strong></span> <span class='ocrx_word' id='word_1_343' title='bbox 535 4329 744 4394; x_wconf 86' lang='lat' dir='ltr'><strong>revertamur.</strong></span> <span class='ocrx_word' id='word_1_344' title='bbox 810 4401 812 4412; x_wconf 18' lang='grc' dir='ltr'><strong>Α</strong></span> 
     </span>
    </p>

    <p class='ocr_par' dir='ltr' id='par_1_6' title="bbox 42 4413 1227 4730">
     <span class='ocr_line' id='line_1_40' title="bbox 58 4413 1226 4522; baseline 0.007 -37"><span class='ocrx_word' id='word_1_345' title='bbox 58 4506 64 4522; x_wconf 34' lang='lat'>⁸</span> <span class='ocrx_word' id='word_1_346' title='bbox 91 4413 181 4494; x_wconf 85' lang='lat' dir='ltr'><strong>Haud</strong></span> <span class='ocrx_word' id='word_1_347' title='bbox 198 4427 302 4515; x_wconf 81' lang='lat' dir='ltr'><strong>igitur</strong></span> <span class='ocrx_word' id='word_1_348' title='bbox 318 4431 407 4500; x_wconf 82' lang='lat' dir='ltr'><strong>recte</strong></span> <span class='ocrx_word' id='word_1_349' title='bbox 430 4430 550 4518; x_wconf 73' lang='lat' dir='ltr'><strong>agunt,</strong></span> <span class='ocrx_word' id='word_1_350' title='bbox 577 4429 632 4514; x_wconf 91' lang='lat' dir='ltr'><strong>qui</strong></span> <span class='ocrx_word' id='word_1_351' title='bbox 658 4431 839 4496; x_wconf 88' lang='lat' dir='ltr'><strong>creaturam</strong></span> <span class='ocrx_word' id='word_1_352' title='bbox 863 4423 1082 4504; x_wconf 87' lang='lat' dir='ltr'><strong>insectantur,</strong></span> <span class='ocrx_word' id='word_1_353' title='bbox 1108 4447 1226 4514; x_wconf 81' lang='lat' dir='ltr'><strong>corpus</strong></span> 
     </span>
     <span class='ocr_line' id='line_1_41' title="bbox 42 4511 1226 4619; baseline -0.008 -14"><span class='ocrx_word' id='word_1_354' title='bbox 42 4511 213 4610; x_wconf 52' lang='lat' dir='ltr'><strong>diluerant,</strong></span> <span class='ocrx_word' id='word_1_355' title='bbox 227 4531 351 4602; x_wconf 77' lang='lat' dir='ltr'><strong>tactum</strong></span> <span class='ocrx_word' id='word_1_356' title='bbox 362 4529 443 4602; x_wconf 83' lang='lat' dir='ltr'><strong>illud</strong></span> <span class='ocrx_word' id='word_1_357' title='bbox 458 4529 587 4617; x_wconf 72' lang='lat' dir='ltr'><strong>quidem</strong></span> <span class='ocrx_word' id='word_1_358' title='bbox 607 4529 650 4600; x_wconf 86' lang='lat' dir='ltr'><strong>ad</strong></span> <span class='ocrx_word' id='word_1_359' title='bbox 669 4529 793 4598; x_wconf 87' lang='lat' dir='ltr'><strong>coslum</strong></span> <span class='ocrx_word' id='word_1_360' title='bbox 812 4527 1110 4619; x_wconf 85' lang='lat' dir='ltr'><strong>contemplandum,</strong></span> <span class='ocrx_word' id='word_1_361' title='bbox 1132 4528 1226 4596; x_wconf 86' lang='lat' dir='ltr'><strong>cuius</strong></span> 
     </span>
     <span class='ocr_line' id='line_1_42' title="bbox 45 4623 1227 4730; baseline 0.001 -30"><span class='ocrx_word' id='word_1_362' title='bbox 45 4623 201 4706; x_wconf 68' lang='lat' dir='ltr'><strong>lenttrita</strong></span> <span class='ocrx_word' id='word_1_363' title='bbox 217 4636 297 4706; x_wconf 85' lang='lat' dir='ltr'><strong>sunt</strong></span> <span class='ocrx_word' id='word_1_364' title='bbox 313 4633 507 4730; x_wconf 70' lang='lat' dir='ltr'><strong>compacati,</strong></span> <span class='ocrx_word' id='word_1_365' title='bbox 532 4635 573 4706; x_wconf 87' lang='lat' dir='ltr'><strong>ut</strong></span> <span class='ocrx_word' id='word_1_366' title='bbox 594 4633 640 4704; x_wconf 82' lang='lat' dir='ltr'><strong>ad</strong></span> <span class='ocrx_word' id='word_1_367' title='bbox 655 4633 843 4712; x_wconf 85' lang='lat' dir='ltr'><strong>honestum,</strong></span> <span class='ocrx_word' id='word_1_368' title='bbox 867 4655 934 4701; x_wconf 88' lang='lat' dir='ltr'><strong>non</strong></span> <span class='ocrx_word' id='word_1_369' title='bbox 957 4632 1001 4701; x_wconf 87' lang='lat' dir='ltr'><strong>ad</strong></span> <span class='ocrx_word' id='word_1_370' title='bbox 1023 4633 1227 4722; x_wconf 76' lang='lat' dir='ltr'><strong>uoluptatem</strong></span> 
     </span>
    </p>
   </div>
   <div class='ocr_carea' id='block_1_6' title="bbox 610 4820 618 4856">
    <p class='ocr_par' dir='ltr' id='par_1_7' title="bbox 610 4820 618 4856">
     <span class='ocr_line' id='line_1_43' title="bbox 610 4820 618 4856; baseline 0 0"><span class='ocrx_word' id='word_1_371' title='bbox 610 4820 618 4856; x_wconf 92' lang='lat' dir='ltr'><strong>l</strong></span> 
     </span>
    </p>
   </div>
   <div class='ocr_carea' id='block_1_7' title="bbox 0 0 1414 5052">
    <p class='ocr_par' dir='ltr' id='par_1_8' title="bbox 0 0 1414 5052">
     <span class='ocr_line' id='line_1_44' title="bbox 0 0 1414 5052; baseline 0 1"><span class='ocrx_word' id='word_1_372' title='bbox 0 0 1414 5052; x_wconf 95' lang='lat' dir='ltr'><strong> </strong></span> 
     </span>
    </p>
   </div>
  </div>
 </body>
</html>
