<?xml version="1.0" encoding="UTF-8"?>
<!DOCTYPE html PUBLIC "-//W3C//DTD XHTML 1.0 Transitional//EN"
    "http://www.w3.org/TR/xhtml1/DTD/xhtml1-transitional.dtd">
<html xmlns="http://www.w3.org/1999/xhtml" xml:lang="en" lang="en">
 <head>
  <title>
</title>
<meta http-equiv="Content-Type" content="text/html;charset=utf-8" />
  <meta name='ocr-system' content='tesseract 3.04.00' />
  <meta name='ocr-capabilities' content='ocr_page ocr_carea ocr_par ocr_line ocrx_word'/>
</head>
<body>
  <div class='ocr_page' id='page_1' title='image "./clemente00reingoog_0094.png"; bbox 0 0 2830 5052; ppageno 0'>
   <div class='ocr_carea' id='block_1_1' title="bbox 340 334 650 434">
    <p class='ocr_par' dir='ltr' id='par_1_1' title="bbox 340 334 650 434">
     <span class='ocr_line' id='line_1_1' title="bbox 340 334 650 434; baseline 0 -36"><span class='ocrx_word' id='word_1_1' title='bbox 340 334 650 434; x_wconf 42' lang='lat' dir='ltr'>“ar</span> 
     </span>
    </p>
   </div>
   <div class='ocr_carea' id='block_1_2' title="bbox 49 514 1302 2854">
    <p class='ocr_par' dir='ltr' id='par_1_2' title="bbox 49 514 1302 2854">
     <span class='ocr_line' id='line_1_2' title="bbox 59 514 1242 608; baseline 0.005 -24"><span class='ocrx_word' id='word_1_2' title='bbox 59 514 269 606; x_wconf 82' lang='lat' dir='ltr'>poenitentiam,</span> <span class='ocrx_word' id='word_1_3' title='bbox 285 538 383 608; x_wconf 88' lang='lat' dir='ltr'>quam</span> <span class='ocrx_word' id='word_1_4' title='bbox 397 519 545 584; x_wconf 86' lang='lat' dir='ltr'>mortem.</span> <span class='ocrx_word' id='word_1_5' title='bbox 580 517 641 586; x_wconf 88' lang='lat' dir='ltr'>Sin</span> <span class='ocrx_word' id='word_1_6' title='bbox 654 521 764 586; x_wconf 88' lang='lat' dir='ltr'>autem</span> <span class='ocrx_word' id='word_1_7' title='bbox 777 537 829 584; x_wconf 85' lang='lat' dir='ltr'>nro</span> <span class='ocrx_word' id='word_1_8' title='bbox 844 515 1022 595; x_wconf 85' lang='lat' dir='ltr'>audieritis,</span> <span class='ocrx_word' id='word_1_9' title='bbox 1037 515 1122 586; x_wconf 85' lang='lat' dir='ltr'>bona</span> <span class='ocrx_word' id='word_1_10' title='bbox 1133 519 1242 590; x_wconf 83' lang='lat' dir='ltr'>terrae</span> 
     </span>
     <span class='ocr_line' id='line_1_3' title="bbox 58 617 1241 707; baseline 0.002 -21"><span class='ocrx_word' id='word_1_11' title='bbox 58 619 210 697; x_wconf 86' lang='lat' dir='ltr'>comedetis,</span> <span class='ocrx_word' id='word_1_12' title='bbox 226 619 274 686; x_wconf 87' lang='lat' dir='ltr'>ait</span> <span class='ocrx_word' id='word_1_13' title='bbox 288 641 403 686; x_wconf 88' lang='lat' dir='ltr'>rursus</span> <span class='ocrx_word' id='word_1_14' title='bbox 418 617 646 707; x_wconf 85' lang='lat' dir='ltr'>Paedagogus,</span> <span class='ocrx_word' id='word_1_15' title='bbox 668 619 753 686; x_wconf 87' lang='lat' dir='ltr'>bona</span> <span class='ocrx_word' id='word_1_16' title='bbox 768 621 874 686; x_wconf 86' lang='lat' dir='ltr'>terrae</span> <span class='ocrx_word' id='word_1_17' title='bbox 889 617 1055 706; x_wconf 89' lang='lat' dir='ltr'>appellans</span> <span class='ocrx_word' id='word_1_18' title='bbox 1070 618 1155 686; x_wconf 87' lang='lat' dir='ltr'>bona</span> <span class='ocrx_word' id='word_1_19' title='bbox 1168 620 1241 688; x_wconf 82' lang='lat' dir='ltr'>hu-</span> 
     </span>
     <span class='ocr_line' id='line_1_4' title="bbox 55 713 1241 808; baseline 0.003 -22"><span class='ocrx_word' id='word_1_20' title='bbox 55 745 154 800; x_wconf 84' lang='lat' dir='ltr'>mana,</span> <span class='ocrx_word' id='word_1_21' title='bbox 174 722 323 799; x_wconf 87' lang='lat' dir='ltr'>formam,</span> <span class='ocrx_word' id='word_1_22' title='bbox 339 721 481 800; x_wconf 86' lang='lat' dir='ltr'>divitias,</span> <span class='ocrx_word' id='word_1_23' title='bbox 498 722 683 801; x_wconf 86' lang='lat' dir='ltr'>sanitatem,</span> <span class='ocrx_word' id='word_1_24' title='bbox 699 723 795 799; x_wconf 81' lang='lat' dir='ltr'>vires,</span> <span class='ocrx_word' id='word_1_25' title='bbox 811 719 999 788; x_wconf 87' lang='lat' dir='ltr'>alimentum</span> <span class='ocrx_word' id='word_1_26' title='bbox 1005 744 1014 798; x_wconf 85' lang='lat'>3</span> <span class='ocrx_word' id='word_1_27' title='bbox 1030 713 1126 808; x_wconf 84' lang='lat' dir='ltr'>idqu&#39;e</span> <span class='ocrx_word' id='word_1_28' title='bbox 1139 722 1241 790; x_wconf 80' lang='lat' dir='ltr'>imbe-</span> 
     </span>
     <span class='ocr_line' id='line_1_5' title="bbox 57 821 1240 922; baseline 0.002 -32"><span class='ocrx_word' id='word_1_29' title='bbox 57 824 159 890; x_wconf 82' lang='lat' dir='ltr'>cillitate</span> <span class='ocrx_word' id='word_1_30' title='bbox 181 823 350 894; x_wconf 87' lang='lat' dir='ltr'>hominurn</span> <span class='ocrx_word' id='word_1_31' title='bbox 367 823 455 922; x_wconf 74' lang='lat' dir='ltr'>haud</span> <span class='ocrx_word' id='word_1_32' title='bbox 468 823 617 910; x_wconf 87' lang='lat' dir='ltr'>neglecta</span> <span class='ocrx_word' id='word_1_33' title='bbox 637 824 731 890; x_wconf 80' lang='lat' dir='ltr'><strong>dixit.</strong></span> <span class='ocrx_word' id='word_1_34' title='bbox 775 823 861 888; x_wconf 83' lang='lat' dir='ltr'>Vere</span> <span class='ocrx_word' id='word_1_35' title='bbox 880 823 964 888; x_wconf 89' lang='lat' dir='ltr'>enim</span> <span class='ocrx_word' id='word_1_36' title='bbox 984 821 1069 888; x_wconf 93' lang='lat' dir='ltr'>bona</span> <span class='ocrx_word' id='word_1_37' title='bbox 1089 827 1168 890; x_wconf 89' lang='lat' dir='ltr'>sunt</span> <span class='ocrx_word' id='word_1_38' title='bbox 1191 847 1240 904; x_wconf 86' lang='lat' dir='ltr'>ea,</span> 
     </span>
     <span class='ocr_line' id='line_1_6' title="bbox 58 923 1241 1017; baseline 0.006 -28"><span class='ocrx_word' id='word_1_39' title='bbox 58 947 119 1012; x_wconf 88' lang='lat' dir='ltr'>quae</span> <span class='ocrx_word' id='word_1_40' title='bbox 128 947 221 1017; x_wconf 88' lang='lat' dir='ltr'>neque</span> <span class='ocrx_word' id='word_1_41' title='bbox 236 927 328 1010; x_wconf 85' lang='lat' dir='ltr'>auris</span> <span class='ocrx_word' id='word_1_42' title='bbox 344 925 469 992; x_wconf 85' lang='lat' dir='ltr'>audivit</span> <span class='ocrx_word' id='word_1_43' title='bbox 482 947 585 1016; x_wconf 90' lang='lat' dir='ltr'>neque</span> <span class='ocrx_word' id='word_1_44' title='bbox 594 947 737 1012; x_wconf 81' lang='lat' dir='ltr'>uuquam</span> <span class='ocrx_word' id='word_1_45' title='bbox 751 925 785 990; x_wconf 92' lang='lat' dir='ltr'>in</span> <span class='ocrx_word' id='word_1_46' title='bbox 796 924 998 992; x_wconf 86' lang='lat' dir='ltr'>corhominis</span> <span class='ocrx_word' id='word_1_47' title='bbox 1010 923 1241 1006; x_wconf 75' lang='lat' dir='ltr'>ascenderunt3</span> 
     </span>
     <span class='ocr_line' id='line_1_7' title="bbox 60 1025 1242 1118; baseline 0.007 -28"><span class='ocrx_word' id='word_1_48' title='bbox 60 1025 211 1118; x_wconf 85' lang='lat' dir='ltr'>bona,quae</span> <span class='ocrx_word' id='word_1_49' title='bbox 225 1029 317 1117; x_wconf 90' lang='lat' dir='ltr'>apud</span> <span class='ocrx_word' id='word_1_50' title='bbox 333 1051 416 1108; x_wconf 88' lang='lat' dir='ltr'>eunr,</span> <span class='ocrx_word' id='word_1_51' title='bbox 438 1025 493 1116; x_wconf 87' lang='lat' dir='ltr'>qui</span> <span class='ocrx_word' id='word_1_52' title='bbox 514 1048 572 1092; x_wconf 88' lang='lat' dir='ltr'>rex</span> <span class='ocrx_word' id='word_1_53' title='bbox 591 1031 644 1094; x_wconf 89' lang='lat' dir='ltr'>est</span> <span class='ocrx_word' id='word_1_54' title='bbox 660 1030 694 1094; x_wconf 89' lang='lat' dir='ltr'>et</span> <span class='ocrx_word' id='word_1_55' title='bbox 713 1027 769 1114; x_wconf 87' lang='lat' dir='ltr'>qni</span> <span class='ocrx_word' id='word_1_56' title='bbox 798 1047 873 1104; x_wconf 77' lang='lat' dir='ltr'>nere</span> <span class='ocrx_word' id='word_1_57' title='bbox 898 1031 952 1094; x_wconf 88' lang='lat' dir='ltr'>est</span> <span class='ocrx_word' id='word_1_58' title='bbox 969 1027 1188 1118; x_wconf 86' lang='lat' dir='ltr'>bonorumque</span> <span class='ocrx_word' id='word_1_59' title='bbox 1207 1034 1242 1098; x_wconf 88' lang='lat' dir='ltr'>et</span> 
     </span>
     <span class='ocr_line' id='line_1_8' title="bbox 56 1129 1241 1218; baseline 0.007 -26"><span class='ocrx_word' id='word_1_60' title='bbox 56 1129 161 1216; x_wconf 81' lang='lat' dir='ltr'>largitor</span> <span class='ocrx_word' id='word_1_61' title='bbox 177 1136 210 1198; x_wconf 88' lang='lat' dir='ltr'>et</span> <span class='ocrx_word' id='word_1_62' title='bbox 224 1135 359 1208; x_wconf 86' lang='lat' dir='ltr'>custos,</span> <span class='ocrx_word' id='word_1_63' title='bbox 379 1151 455 1196; x_wconf 86' lang='lat' dir='ltr'>vere</span> <span class='ocrx_word' id='word_1_64' title='bbox 472 1151 598 1218; x_wconf 89' lang='lat' dir='ltr'>quoque</span> <span class='ocrx_word' id='word_1_65' title='bbox 618 1133 697 1198; x_wconf 87' lang='lat' dir='ltr'>sunt</span> <span class='ocrx_word' id='word_1_66' title='bbox 714 1153 774 1196; x_wconf 91' lang='lat' dir='ltr'>nos</span> <span class='ocrx_word' id='word_1_67' title='bbox 794 1131 1028 1216; x_wconf 75' lang='lat' dir='ltr'><strong>exspectantia.</strong></span> <span class='ocrx_word' id='word_1_68' title='bbox 1071 1131 1148 1198; x_wconf 68' lang='lat' dir='ltr'>‚iam</span> <span class='ocrx_word' id='word_1_69' title='bbox 1167 1153 1241 1200; x_wconf 80' lang='lat' dir='ltr'>eota</span> 
     </span>
     <span class='ocr_line' id='line_1_9' title="bbox 54 1228 1241 1325; baseline 0.007 -31"><span class='ocrx_word' id='word_1_70' title='bbox 54 1228 205 1316; x_wconf 78' lang='lat' dir='ltr'><strong>benignitas</strong></span> <span class='ocrx_word' id='word_1_71' title='bbox 225 1236 262 1302; x_wconf 91' lang='lat' dir='ltr'>et</span> <span class='ocrx_word' id='word_1_72' title='bbox 273 1231 456 1322; x_wconf 83' lang='lat' dir='ltr'>¹sapientiai</span> <span class='ocrx_word' id='word_1_73' title='bbox 484 1231 540 1298; x_wconf 88' lang='lat' dir='ltr'>Ab</span> <span class='ocrx_word' id='word_1_74' title='bbox 550 1231 601 1298; x_wconf 91' lang='lat' dir='ltr'>his</span> <span class='ocrx_word' id='word_1_75' title='bbox 617 1235 652 1299; x_wconf 92' lang='lat' dir='ltr'>et</span> <span class='ocrx_word' id='word_1_76' title='bbox 662 1255 719 1320; x_wconf 89' lang='lat' dir='ltr'>per</span> <span class='ocrx_word' id='word_1_77' title='bbox 732 1231 822 1312; x_wconf 85' lang='lat' dir='ltr'>haec,</span> <span class='ocrx_word' id='word_1_78' title='bbox 839 1253 922 1325; x_wconf 88' lang='lat' dir='ltr'>quae</span> <span class='ocrx_word' id='word_1_79' title='bbox 937 1233 1113 1312; x_wconf 85' lang='lat' dir='ltr'>cernimus,</span> <span class='ocrx_word' id='word_1_80' title='bbox 1139 1235 1181 1300; x_wconf 89' lang='lat' dir='ltr'>ad</span> <span class='ocrx_word' id='word_1_81' title='bbox 1193 1257 1241 1302; x_wconf 82' lang='lat' dir='ltr'>ea</span> 
     </span>
     <span class='ocr_line' id='line_1_10' title="bbox 52 1325 1271 1425; baseline 0.007 -30"><span class='ocrx_word' id='word_1_82' title='bbox 52 1353 96 1396; x_wconf 88' lang='lat' dir='ltr'>nos</span> <span class='ocrx_word' id='word_1_83' title='bbox 107 1335 260 1420; x_wconf 89' lang='lat' dir='ltr'>perducit,</span> <span class='ocrx_word' id='word_1_84' title='bbox 294 1359 376 1425; x_wconf 88' lang='lat' dir='ltr'>quae</span> <span class='ocrx_word' id='word_1_85' title='bbox 401 1335 500 1401; x_wconf 87' lang='lat' dir='ltr'>animi</span> <span class='ocrx_word' id='word_1_86' title='bbox 520 1333 612 1408; x_wconf 90' lang='lat' dir='ltr'>oculo</span> <span class='ocrx_word' id='word_1_87' title='bbox 632 1337 761 1400; x_wconf 88' lang='lat' dir='ltr'>tautum</span> <span class='ocrx_word' id='word_1_88' title='bbox 783 1336 980 1422; x_wconf 84' lang='lat' dir='ltr'>aperiuntur.</span> <span class='ocrx_word' id='word_1_89' title='bbox 1025 1335 1091 1422; x_wconf 79' lang='lat' dir='ltr'>Sed</span> <span class='ocrx_word' id='word_1_90' title='bbox 1111 1331 1243 1404; x_wconf 83' lang='lat' dir='ltr'>deflexit</span> <span class='ocrx_word' id='word_1_91' title='bbox 1264 1325 1271 1342; x_wconf 60' lang='lat'>⁸</span> 
     </span>
     <span class='ocr_line' id='line_1_11' title="bbox 53 1435 1302 1526; baseline 0.006 -29"><span class='ocrx_word' id='word_1_92' title='bbox 53 1435 145 1514; x_wconf 85' lang='lat' dir='ltr'>orati03</span> <span class='ocrx_word' id='word_1_93' title='bbox 166 1439 280 1504; x_wconf 85' lang='lat' dir='ltr'>redeat</span> <span class='ocrx_word' id='word_1_94' title='bbox 296 1441 436 1526; x_wconf 79' lang='lat' dir='ltr'>oportet.</span> <span class='ocrx_word' id='word_1_95' title='bbox 481 1436 700 1526; x_wconf 76' lang='lat' dir='ltr'>Quaecunque</span> <span class='ocrx_word' id='word_1_96' title='bbox 713 1437 816 1523; x_wconf 84' lang='lat' dir='ltr'>igitur</span> <span class='ocrx_word' id='word_1_97' title='bbox 835 1437 923 1504; x_wconf 89' lang='lat' dir='ltr'>domi</span> <span class='ocrx_word' id='word_1_98' title='bbox 943 1438 1010 1504; x_wconf 91' lang='lat' dir='ltr'>sint</span> <span class='ocrx_word' id='word_1_99' title='bbox 1029 1437 1240 1517; x_wconf 73' lang='lat' dir='ltr'>observanda,</span> <span class='ocrx_word' id='word_1_100' title='bbox 1300 1443 1302 1453; x_wconf 92' lang='lat'>&#39;</span> 
     </span>
     <span class='ocr_line' id='line_1_12' title="bbox 55 1533 1240 1629; baseline 0.005 -29"><span class='ocrx_word' id='word_1_101' title='bbox 55 1533 156 1626; x_wconf 83' lang='lat' dir='ltr'>vitaque</span> <span class='ocrx_word' id='word_1_102' title='bbox 170 1541 334 1629; x_wconf 87' lang='lat' dir='ltr'>quomodo</span> <span class='ocrx_word' id='word_1_103' title='bbox 349 1539 548 1626; x_wconf 83' lang='lat' dir='ltr'>corrigenda,</span> <span class='ocrx_word' id='word_1_104' title='bbox 563 1539 628 1604; x_wconf 91' lang='lat' dir='ltr'>iam</span> <span class='ocrx_word' id='word_1_105' title='bbox 644 1538 725 1604; x_wconf 87' lang='lat' dir='ltr'>satis</span> <span class='ocrx_word' id='word_1_106' title='bbox 741 1539 897 1606; x_wconf 76' lang='lat' dir='ltr'>disseruit</span> <span class='ocrx_word' id='word_1_107' title='bbox 910 1538 1137 1627; x_wconf 80' lang='lat' dir='ltr'>Paedagogus.</span> <span class='ocrx_word' id='word_1_108' title='bbox 1175 1541 1240 1606; x_wconf 86' lang='lat' dir='ltr'>Re·</span> 
     </span>
     <span class='ocr_line' id='line_1_13' title="bbox 57 1627 1242 1733; baseline 0.008 -35"><span class='ocrx_word' id='word_1_109' title='bbox 57 1639 105 1702; x_wconf 85' lang='lat' dir='ltr'>stat</span> <span class='ocrx_word' id='word_1_110' title='bbox 116 1644 225 1721; x_wconf 62' lang='lat' dir='ltr'>auum,</span> <span class='ocrx_word' id='word_1_111' title='bbox 241 1647 295 1722; x_wconf 89' lang='lat' dir='ltr'>nt,</span> <span class='ocrx_word' id='word_1_112' title='bbox 314 1665 412 1732; x_wconf 86' lang='lat' dir='ltr'>quum</span> <span class='ocrx_word' id='word_1_113' title='bbox 427 1641 495 1719; x_wconf 89' lang='lat' dir='ltr'>lex,</span> <span class='ocrx_word' id='word_1_114' title='bbox 517 1639 633 1718; x_wconf 85' lang='lat' dir='ltr'>timore</span> <span class='ocrx_word' id='word_1_115' title='bbox 653 1641 812 1708; x_wconf 90' lang='lat' dir='ltr'>dissoluto</span> <span class='ocrx_word' id='word_1_116' title='bbox 818 1627 989 1720; x_wconf 77' lang='lat' dir='ltr'>‚¹1iberum</span> <span class='ocrx_word' id='word_1_117' title='bbox 1010 1641 1179 1733; x_wconf 77' lang='lat' dir='ltr'>arbitrium</span> <span class='ocrx_word' id='word_1_118' title='bbox 1200 1642 1242 1708; x_wconf 90' lang='lat' dir='ltr'>ad</span> 
     </span>
     <span class='ocr_line' id='line_1_14' title="bbox 56 1737 1240 1842; baseline 0.005 -38"><span class='ocrx_word' id='word_1_119' title='bbox 56 1737 125 1807; x_wconf 87' lang='lat' dir='ltr'>fidem</span> <span class='ocrx_word' id='word_1_120' title='bbox 136 1743 391 1834; x_wconf 85' lang='lat' dir='ltr'>amplectendam</span> <span class='ocrx_word' id='word_1_121' title='bbox 406 1743 487 1810; x_wconf 87' lang='lat' dir='ltr'>velit</span> <span class='ocrx_word' id='word_1_122' title='bbox 495 1742 710 1822; x_wconf 89' lang='lat' dir='ltr'>corroborare,</span> <span class='ocrx_word' id='word_1_123' title='bbox 725 1749 1010 1842; x_wconf 32' lang='lat' dir='ltr'>praceeptahquae</span> <span class='ocrx_word' id='word_1_124' title='bbox 1022 1744 1081 1810; x_wconf 86' lang='lat' dir='ltr'>hoo</span> <span class='ocrx_word' id='word_1_125' title='bbox 1092 1747 1240 1832; x_wconf 87' lang='lat' dir='ltr'>praesta-</span> 
     </span>
     <span class='ocr_line' id='line_1_15' title="bbox 54 1833 1241 1938; baseline 0.008 -34"><span class='ocrx_word' id='word_1_126' title='bbox 54 1837 125 1920; x_wconf 87' lang='lat' dir='ltr'>bunt,</span> <span class='ocrx_word' id='word_1_127' title='bbox 136 1847 304 1916; x_wconf 88' lang='lat' dir='ltr'>addantur.</span> <span class='ocrx_word' id='word_1_128' title='bbox 348 1845 564 1934; x_wconf 84' lang='lat' dir='ltr'>Paedagogus</span> <span class='ocrx_word' id='word_1_129' title='bbox 578 1833 671 1933; x_wconf 65' lang='lat' dir='ltr'>ergo&#39;:</span> <span class='ocrx_word' id='word_1_130' title='bbox 694 1847 780 1926; x_wconf 89' lang='lat' dir='ltr'>audi,</span> <span class='ocrx_word' id='word_1_131' title='bbox 794 1848 912 1938; x_wconf 90' lang='lat' dir='ltr'>inquit,</span> <span class='ocrx_word' id='word_1_132' title='bbox 927 1848 971 1914; x_wconf 89' lang='lat' dir='ltr'>mi</span> <span class='ocrx_word' id='word_1_133' title='bbox 986 1846 1041 1932; x_wconf 90' lang='lat' dir='ltr'>fili,</span> <span class='ocrx_word' id='word_1_134' title='bbox 1061 1846 1172 1934; x_wconf 89' lang='lat' dir='ltr'>capita</span> <span class='ocrx_word' id='word_1_135' title='bbox 1187 1869 1241 1913; x_wconf 82' lang='lat' dir='ltr'>sa·-</span> 
     </span>
     <span class='ocr_line' id='line_1_16' title="bbox 58 1939 1240 2038; baseline -0.005 -16"><span class='ocrx_word' id='word_1_136' title='bbox 58 1939 130 2022; x_wconf 65' lang='lat' dir='ltr'>luiiit</span> <span class='ocrx_word' id='word_1_137' title='bbox 153 1951 298 2038; x_wconf 84' lang='lat' dir='ltr'>aperiam</span> <span class='ocrx_word' id='word_1_138' title='bbox 325 1947 410 2014; x_wconf 88' lang='lat' dir='ltr'>enim</span> <span class='ocrx_word' id='word_1_139' title='bbox 423 1971 530 2016; x_wconf 88' lang='lat' dir='ltr'>mores</span> <span class='ocrx_word' id='word_1_140' title='bbox 556 1971 643 2018; x_wconf 85' lang='lat' dir='ltr'>meos</span> <span class='ocrx_word' id='word_1_141' title='bbox 669 1952 704 2016; x_wconf 87' lang='lat' dir='ltr'>et</span> <span class='ocrx_word' id='word_1_142' title='bbox 722 1949 856 2038; x_wconf 92' lang='lat' dir='ltr'>pulchra</span> <span class='ocrx_word' id='word_1_143' title='bbox 881 1949 942 2016; x_wconf 89' lang='lat' dir='ltr'>tibi</span> <span class='ocrx_word' id='word_1_144' title='bbox 965 1949 1045 2018; x_wconf 81' lang='lat' dir='ltr'>haee</span> <span class='ocrx_word' id='word_1_145' title='bbox 1067 1971 1240 2036; x_wconf 84' lang='lat' dir='ltr'>suggeram</span> 
     </span>
     <span class='ocr_line' id='line_1_17' title="bbox 63 2047 1239 2144; baseline 0.003 -31"><span class='ocrx_word' id='word_1_146' title='bbox 63 2056 204 2138; x_wconf 78' lang='lat' dir='ltr'>praecepta,</span> <span class='ocrx_word' id='word_1_147' title='bbox 225 2047 411 2144; x_wconf 63' lang='lat' dir='ltr'>quibus&#39;ad</span> <span class='ocrx_word' id='word_1_148' title='bbox 433 2050 570 2117; x_wconf 89' lang='lat' dir='ltr'>salutem</span> <span class='ocrx_word' id='word_1_149' title='bbox 595 2053 773 2139; x_wconf 88' lang='lat' dir='ltr'>pervenias.</span> <span class='ocrx_word' id='word_1_150' title='bbox 817 2051 922 2118; x_wconf 84' lang='lat' dir='ltr'>Dabit</span> <span class='ocrx_word' id='word_1_151' title='bbox 941 2055 1049 2118; x_wconf 89' lang='lat' dir='ltr'>autem</span> <span class='ocrx_word' id='word_1_152' title='bbox 1069 2053 1239 2118; x_wconf 88' lang='lat' dir='ltr'>thesauros</span> 
     </span>
     <span class='ocr_line' id='line_1_18' title="bbox 60 2152 1238 2243; baseline 0.01 -37"><span class='ocrx_word' id='word_1_153' title='bbox 60 2166 169 2236; x_wconf 81' lang='lat' dir='ltr'>uranos,</span> <span class='ocrx_word' id='word_1_154' title='bbox 185 2154 346 2232; x_wconf 85' lang='lat' dir='ltr'>occultos,</span> <span class='ocrx_word' id='word_1_155' title='bbox 368 2152 423 2243; x_wconf 93' lang='lat' dir='ltr'>qui</span> <span class='ocrx_word' id='word_1_156' title='bbox 437 2153 584 2240; x_wconf 86' lang='lat' dir='ltr'>gentium</span> <span class='ocrx_word' id='word_1_157' title='bbox 605 2154 706 2222; x_wconf 90' lang='lat' dir='ltr'>oculis</span> <span class='ocrx_word' id='word_1_158' title='bbox 731 2177 796 2222; x_wconf 91' lang='lat' dir='ltr'>non</span> <span class='ocrx_word' id='word_1_159' title='bbox 817 2159 1011 2242; x_wconf 84' lang='lat' dir='ltr'>apparentes</span> <span class='ocrx_word' id='word_1_160' title='bbox 1033 2177 1053 2220; x_wconf 90' lang='lat' dir='ltr'>a</span> <span class='ocrx_word' id='word_1_161' title='bbox 1075 2154 1168 2220; x_wconf 90' lang='lat' dir='ltr'>nobis</span> <span class='ocrx_word' id='word_1_162' title='bbox 1190 2153 1238 2219; x_wconf 87' lang='lat' dir='ltr'>vi-</span> 
     </span>
     <span class='ocr_line' id='line_1_19' title="bbox 57 2245 1239 2346; baseline 0.003 -30"><span class='ocrx_word' id='word_1_163' title='bbox 57 2245 154 2318; x_wconf 80' lang='lat' dir='ltr'>dentur.</span> <span class='ocrx_word' id='word_1_164' title='bbox 191 2257 293 2324; x_wconf 90' lang='lat' dir='ltr'>Unus</span> <span class='ocrx_word' id='word_1_165' title='bbox 309 2258 418 2322; x_wconf 89' lang='lat' dir='ltr'>autern</span> <span class='ocrx_word' id='word_1_166' title='bbox 433 2255 513 2320; x_wconf 90' lang='lat' dir='ltr'>dens</span> <span class='ocrx_word' id='word_1_167' title='bbox 529 2278 567 2322; x_wconf 88' lang='lat' dir='ltr'>aa</span> <span class='ocrx_word' id='word_1_168' title='bbox 581 2256 743 2339; x_wconf 84' lang='lat' dir='ltr'>domiuus,</span> <span class='ocrx_word' id='word_1_169' title='bbox 759 2256 815 2346; x_wconf 89' lang='lat' dir='ltr'>qui</span> <span class='ocrx_word' id='word_1_170' title='bbox 826 2255 945 2322; x_wconf 90' lang='lat' dir='ltr'>multos</span> <span class='ocrx_word' id='word_1_171' title='bbox 961 2255 1130 2322; x_wconf 88' lang='lat' dir='ltr'>thesauros</span> <span class='ocrx_word' id='word_1_172' title='bbox 1145 2277 1239 2343; x_wconf 89' lang='lat' dir='ltr'>prae-</span> 
     </span>
     <span class='ocr_line' id='line_1_20' title="bbox 55 2345 1241 2450; baseline 0.01 -40"><span class='ocrx_word' id='word_1_173' title='bbox 55 2345 107 2414; x_wconf 89' lang='lat' dir='ltr'>bet:</span> <span class='ocrx_word' id='word_1_174' title='bbox 125 2355 197 2425; x_wconf 84' lang='lat' dir='ltr'>alios</span> <span class='ocrx_word' id='word_1_175' title='bbox 212 2383 275 2450; x_wconf 87' lang='lat' dir='ltr'>per</span> <span class='ocrx_word' id='word_1_176' title='bbox 289 2357 404 2446; x_wconf 85' lang='lat' dir='ltr'>legem,</span> <span class='ocrx_word' id='word_1_177' title='bbox 420 2380 477 2446; x_wconf 88' lang='lat' dir='ltr'>per</span> <span class='ocrx_word' id='word_1_178' title='bbox 492 2357 667 2446; x_wconf 85' lang='lat' dir='ltr'>prophetas</span> <span class='ocrx_word' id='word_1_179' title='bbox 683 2359 780 2438; x_wconf 83' lang='lat' dir='ltr'>aiios,</span> <span class='ocrx_word' id='word_1_180' title='bbox 810 2358 890 2424; x_wconf 89' lang='lat' dir='ltr'>alios</span> <span class='ocrx_word' id='word_1_181' title='bbox 906 2381 965 2424; x_wconf 87' lang='lat' dir='ltr'>suo</span> <span class='ocrx_word' id='word_1_182' title='bbox 975 2381 1045 2436; x_wconf 89' lang='lat' dir='ltr'>ore,</span> <span class='ocrx_word' id='word_1_183' title='bbox 1076 2357 1156 2424; x_wconf 92' lang='lat' dir='ltr'>alios</span> <span class='ocrx_word' id='word_1_184' title='bbox 1182 2379 1241 2446; x_wconf 87' lang='lat' dir='ltr'>peu</span> 
     </span>
     <span class='ocr_line' id='line_1_21' title="bbox 54 2452 1241 2550; baseline 0.009 -36"><span class='ocrx_word' id='word_1_185' title='bbox 54 2452 174 2536; x_wconf 85' lang='lat' dir='ltr'>spiritum</span> <span class='ocrx_word' id='word_1_186' title='bbox 190 2457 354 2530; x_wconf 79' lang='lat' dir='ltr'>sancturn.</span> <span class='ocrx_word' id='word_1_187' title='bbox 398 2460 450 2526; x_wconf 78' lang='lat' dir='ltr'>Ex</span> <span class='ocrx_word' id='word_1_188' title='bbox 465 2460 515 2526; x_wconf 91' lang='lat' dir='ltr'>his</span> <span class='ocrx_word' id='word_1_189' title='bbox 530 2482 608 2547; x_wconf 84' lang='lat' dir='ltr'>ergo</span> <span class='ocrx_word' id='word_1_190' title='bbox 623 2461 771 2528; x_wconf 88' lang='lat' dir='ltr'>omnibus</span> <span class='ocrx_word' id='word_1_191' title='bbox 784 2461 855 2550; x_wconf 91' lang='lat' dir='ltr'>pari</span> <span class='ocrx_word' id='word_1_192' title='bbox 868 2461 963 2528; x_wconf 91' lang='lat' dir='ltr'>modo</span> <span class='ocrx_word' id='word_1_193' title='bbox 978 2465 1150 2549; x_wconf 89' lang='lat' dir='ltr'>praecepta</span> <span class='ocrx_word' id='word_1_194' title='bbox 1163 2481 1241 2546; x_wconf 83' lang='lat' dir='ltr'>cog-</span> 
     </span>
     <span class='ocr_line' id='line_1_22' title="bbox 51 2562 1242 2653; baseline 0.013 -40"><span class='ocrx_word' id='word_1_195' title='bbox 51 2572 203 2630; x_wconf 84' lang='lat' dir='ltr'>noscemus.</span> <span class='ocrx_word' id='word_1_196' title='bbox 242 2563 325 2632; x_wconf 85' lang='lat' dir='ltr'>·Sed</span> <span class='ocrx_word' id='word_1_197' title='bbox 353 2566 406 2629; x_wconf 89' lang='lat' dir='ltr'>est</span> <span class='ocrx_word' id='word_1_198' title='bbox 433 2563 497 2628; x_wconf 88' lang='lat' dir='ltr'>iam</span> <span class='ocrx_word' id='word_1_199' title='bbox 521 2563 681 2650; x_wconf 84' lang='lat' dir='ltr'>generalis</span> <span class='ocrx_word' id='word_1_200' title='bbox 713 2564 870 2653; x_wconf 88' lang='lat' dir='ltr'>quaedam</span> <span class='ocrx_word' id='word_1_201' title='bbox 899 2567 1035 2630; x_wconf 88' lang='lat' dir='ltr'>naturae</span> <span class='ocrx_word' id='word_1_202' title='bbox 1064 2562 1242 2648; x_wconf 83' lang='lat' dir='ltr'>admonitio</span> 
     </span>
     <span class='ocr_line' id='line_1_23' title="bbox 52 2653 1241 2756; baseline 0.003 -29"><span class='ocrx_word' id='word_1_203' title='bbox 52 2662 264 2747; x_wconf 81' lang='lat' dir='ltr'>sponteobviu,</span> <span class='ocrx_word' id='word_1_204' title='bbox 287 2665 470 2732; x_wconf 86' lang='lat' dir='ltr'>adhortatio</span> <span class='ocrx_word' id='word_1_205' title='bbox 486 2665 606 2744; x_wconf 86' lang='lat' dir='ltr'>vitalis,</span> <span class='ocrx_word' id='word_1_206' title='bbox 623 2688 705 2756; x_wconf 82' lang='lat' dir='ltr'>quae</span> <span class='ocrx_word' id='word_1_207' title='bbox 719 2667 827 2732; x_wconf 91' lang='lat' dir='ltr'>omnia</span> <span class='ocrx_word' id='word_1_208' title='bbox 843 2668 878 2750; x_wconf 87' lang='lat' dir='ltr'>(i.</span> <span class='ocrx_word' id='word_1_209' title='bbox 894 2689 922 2734; x_wconf 90' lang='lat' dir='ltr'>e.</span> <span class='ocrx_word' id='word_1_210' title='bbox 936 2653 1128 2734; x_wconf 63' lang='lat' dir='ltr'>universum&#39;</span> <span class='ocrx_word' id='word_1_211' title='bbox 1137 2687 1241 2752; x_wconf 86' lang='lat' dir='ltr'>genus</span> 
     </span>
     <span class='ocr_line' id='line_1_24' title="bbox 49 2751 1241 2854; baseline 0.012 -36"><span class='ocrx_word' id='word_1_212' title='bbox 49 2751 211 2854; x_wconf 87' lang='lat' dir='ltr'>humanum)</span> <span class='ocrx_word' id='word_1_213' title='bbox 226 2767 423 2850; x_wconf 63' lang='lat' dir='ltr'>continete)</span> <span class='ocrx_word' id='word_1_214' title='bbox 446 2767 563 2850; x_wconf 79' lang='lat' dir='ltr'>„Quae</span> <span class='ocrx_word' id='word_1_215' title='bbox 578 2767 639 2834; x_wconf 89' lang='lat' dir='ltr'>tibi</span> <span class='ocrx_word' id='word_1_216' title='bbox 653 2768 723 2838; x_wconf 89' lang='lat' dir='ltr'>fieri</span> <span class='ocrx_word' id='word_1_217' title='bbox 737 2769 887 2850; x_wconf 84' lang='lat' dir='ltr'>volueris,</span> <span class='ocrx_word' id='word_1_218' title='bbox 902 2769 997 2836; x_wconf 88' lang='lat' dir='ltr'>alteri</span> <span class='ocrx_word' id='word_1_219' title='bbox 1010 2769 1075 2836; x_wconf 89' lang='lat' dir='ltr'>ianr</span> <span class='ocrx_word' id='word_1_220' title='bbox 1088 2767 1241 2846; x_wconf 86' lang='lat' dir='ltr'>feceris;“</span> 
     </span>
    </p>
   </div>
   <div class='ocr_carea' id='block_1_3' title="bbox 48 2917 226 2974">
    <p class='ocr_par' dir='ltr' id='par_1_3' title="bbox 48 2917 226 2974">
     <span class='ocr_line' id='line_1_25' title="bbox 48 2917 226 2974; baseline 0 -11"><span class='ocrx_word' id='word_1_221' title='bbox 48 2917 226 2974; x_wconf 33' lang='grc' dir='ltr'>κς</span> 
     </span>
    </p>
   </div>
   <div class='ocr_carea' id='block_1_4' title="bbox 89 3043 1354 3144">
    <p class='ocr_par' dir='ltr' id='par_1_4' title="bbox 89 3043 1354 3144">
     <span class='ocr_line' id='line_1_26' title="bbox 89 3043 1354 3144; baseline -0.003 -12"><span class='ocrx_word' id='word_1_222' title='bbox 89 3067 111 3132; x_wconf 81' lang='lat'>¹)</span> <span class='ocrx_word' id='word_1_223' title='bbox 126 3072 415 3144; x_wconf 82' lang='lat' dir='ltr'>Hocloconouposaum,</span> <span class='ocrx_word' id='word_1_224' title='bbox 427 3078 620 3144; x_wconf 72' lang='lat' dir='ltr'>quimorem,</span> <span class='ocrx_word' id='word_1_225' title='bbox 633 3051 1242 3142; x_wconf 79' lang='lat' dir='ltr'>quantaadranamClcmentisinterpretationem</span> <span class='ocrx_word' id='word_1_226' title='bbox 1299 3043 1301 3058; x_wconf 36' lang='lat'><em>*</em></span> <span class='ocrx_word' id='word_1_227' title='bbox 1350 3067 1354 3075; x_wconf 58' lang='grc'><em>“</em></span> 
     </span>
    </p>
   </div>
   <div class='ocr_carea' id='block_1_5' title="bbox 47 3149 1286 3402">
    <p class='ocr_par' dir='ltr' id='par_1_5' title="bbox 47 3149 1286 3402">
     <span class='ocr_line' id='line_1_27' title="bbox 48 3149 1286 3230; baseline 0.014 -33"><span class='ocrx_word' id='word_1_228' title='bbox 48 3149 112 3206; x_wconf 78' lang='lat' dir='ltr'>ohne</span> <span class='ocrx_word' id='word_1_229' title='bbox 122 3159 169 3210; x_wconf 87' lang='lat' dir='ltr'>sint</span> <span class='ocrx_word' id='word_1_230' title='bbox 185 3165 348 3230; x_wconf 83' lang='lat' dir='ltr'>praestanda.</span> <span class='ocrx_word' id='word_1_231' title='bbox 384 3164 516 3217; x_wconf 79' lang='lat' dir='ltr'>Sententia</span> <span class='ocrx_word' id='word_1_232' title='bbox 527 3165 571 3214; x_wconf 86' lang='lat' dir='ltr'>ilia</span> <span class='ocrx_word' id='word_1_233' title='bbox 583 3163 680 3214; x_wconf 85' lang='lat' dir='ltr'>Graece</span> <span class='ocrx_word' id='word_1_234' title='bbox 692 3165 728 3214; x_wconf 86' lang='lat' dir='ltr'>sic</span> <span class='ocrx_word' id='word_1_235' title='bbox 746 3179 773 3214; x_wconf 88' lang='lat' dir='ltr'>se</span> <span class='ocrx_word' id='word_1_236' title='bbox 789 3165 878 3216; x_wconf 81' lang='lat' dir='ltr'>habet:</span> <span class='ocrx_word' id='word_1_237' title='bbox 897 3159 970 3216; x_wconf 78' lang='grc' dir='ltr'>ἔστιν</span> <span class='ocrx_word' id='word_1_238' title='bbox 985 3157 1035 3230; x_wconf 81' lang='grc' dir='ltr'>μὲν</span> <span class='ocrx_word' id='word_1_239' title='bbox 1052 3151 1103 3214; x_wconf 72' lang='grc' dir='ltr'>οὖν</span> <span class='ocrx_word' id='word_1_240' title='bbox 1119 3153 1242 3214; x_wconf 66' lang='grc' dir='ltr'>αὐτόθεν</span> <span class='ocrx_word' id='word_1_241' title='bbox 1263 3167 1286 3225; x_wconf 65' lang='lat'>,⁴</span> 
     </span>
     <span class='ocr_line' id='line_1_28' title="bbox 47 3239 1241 3319; baseline -0.001 -18"><span class='ocrx_word' id='word_1_242' title='bbox 47 3239 370 3318; x_wconf 64' lang='grc' dir='ltr'>κεΨιιλαιοὶδηςιἰιιοθήιιη,</span> <span class='ocrx_word' id='word_1_243' title='bbox 387 3247 435 3301; x_wconf 80' lang='lat' dir='ltr'>aui</span> <span class='ocrx_word' id='word_1_244' title='bbox 447 3243 561 3319; x_wconf 80' lang='grc' dir='ltr'>βιωτικὴ</span> <span class='ocrx_word' id='word_1_245' title='bbox 580 3247 749 3317; x_wconf 78' lang='grc' dir='ltr'><strong><em>παραίνεσις,</em></strong></span> <span class='ocrx_word' id='word_1_246' title='bbox 766 3241 857 3302; x_wconf 77' lang='grc' dir='ltr'><em>πάντα</em></span> <span class='ocrx_word' id='word_1_247' title='bbox 875 3245 1080 3318; x_wconf 74' lang='grc' dir='ltr'><strong><em>ἐμπεριέχουσα.</em></strong></span> <span class='ocrx_word' id='word_1_248' title='bbox 1114 3249 1241 3310; x_wconf 83' lang='lat' dir='ltr'>Interpres</span> 
     </span>
     <span class='ocr_line' id='line_1_29' title="bbox 48 3331 1241 3402; baseline 0.014 -37"><span class='ocrx_word' id='word_1_249' title='bbox 48 3331 210 3385; x_wconf 83' lang='lat' dir='ltr'>autemvertit:</span> <span class='ocrx_word' id='word_1_250' title='bbox 236 3335 302 3397; x_wconf 87' lang='lat' dir='ltr'>„Hic</span> <span class='ocrx_word' id='word_1_251' title='bbox 313 3343 352 3386; x_wconf 87' lang='lat' dir='ltr'>est</span> <span class='ocrx_word' id='word_1_252' title='bbox 371 3349 443 3402; x_wconf 89' lang='lat' dir='ltr'>ergo,</span> <span class='ocrx_word' id='word_1_253' title='bbox 457 3338 525 3402; x_wconf 88' lang='lat' dir='ltr'>quod</span> <span class='ocrx_word' id='word_1_254' title='bbox 541 3335 699 3401; x_wconf 85' lang='lat' dir='ltr'>omnia(soil.</span> <span class='ocrx_word' id='word_1_255' title='bbox 711 3339 856 3402; x_wconf 78' lang='lat' dir='ltr'>praecepta)</span> <span class='ocrx_word' id='word_1_256' title='bbox 874 3334 1054 3402; x_wconf 84' lang='lat' dir='ltr'>complectitur,</span> <span class='ocrx_word' id='word_1_257' title='bbox 1071 3341 1241 3397; x_wconf 85' lang='lat' dir='ltr'>praeceptum,</span> 
     </span>
    </p>
   </div>
   <div class='ocr_carea' id='block_1_6' title="bbox 48 3411 1394 3488">
    <p class='ocr_par' dir='ltr' id='par_1_6' title="bbox 48 3411 1394 3488">
     <span class='ocr_line' id='line_1_30' title="bbox 48 3411 1394 3488; baseline 0.01 -32"><span class='ocrx_word' id='word_1_258' title='bbox 48 3412 66 3450; x_wconf 87' lang='lat' dir='ltr'>ct</span> <span class='ocrx_word' id='word_1_259' title='bbox 75 3413 102 3460; x_wconf 87' lang='lat' dir='ltr'>ad</span> <span class='ocrx_word' id='word_1_260' title='bbox 111 3415 187 3469; x_wconf 76' lang='lat' dir='ltr'>vitans</span> <span class='ocrx_word' id='word_1_261' title='bbox 197 3419 267 3470; x_wconf 83' lang='lat' dir='ltr'>utitis</span> <span class='ocrx_word' id='word_1_262' title='bbox 279 3423 446 3472; x_wconf 88' lang='lat' dir='ltr'>admonitio.“</span> <span class='ocrx_word' id='word_1_263' title='bbox 482 3423 577 3484; x_wconf 87' lang='lat' dir='ltr'>Quodsi</span> <span class='ocrx_word' id='word_1_264' title='bbox 590 3423 734 3486; x_wconf 85' lang='lat' dir='ltr'>sententiar,</span> <span class='ocrx_word' id='word_1_265' title='bbox 746 3425 960 3488; x_wconf 84' lang='lat' dir='ltr'>quomodonexue</span> <span class='ocrx_word' id='word_1_266' title='bbox 971 3423 1022 3472; x_wconf 88' lang='lat' dir='ltr'>sint</span> <span class='ocrx_word' id='word_1_267' title='bbox 1034 3421 1099 3472; x_wconf 89' lang='lat' dir='ltr'>inter</span> <span class='ocrx_word' id='word_1_268' title='bbox 1111 3435 1138 3472; x_wconf 86' lang='lat' dir='ltr'>se</span> <span class='ocrx_word' id='word_1_269' title='bbox 1150 3411 1240 3470; x_wconf 70' lang='lat' dir='ltr'>atron-³</span> <span class='ocrx_word' id='word_1_270' title='bbox 1303 3431 1307 3439; x_wconf 89' lang='grc'><strong>’</strong></span> <span class='ocrx_word' id='word_1_271' title='bbox 1385 3449 1394 3460; x_wconf 90' lang='lat'><strong>·</strong></span> 
     </span>
    </p>
   </div>
   <div class='ocr_carea' id='block_1_7' title="bbox 47 3485 1296 4694">
    <p class='ocr_par' dir='ltr' id='par_1_7' title="bbox 47 3485 1296 4694">
     <span class='ocr_line' id='line_1_31' title="bbox 47 3485 1241 3576; baseline 0.015 -36"><span class='ocrx_word' id='word_1_272' title='bbox 47 3485 136 3563; x_wconf 83' lang='lat' dir='ltr'>iunctae,</span> <span class='ocrx_word' id='word_1_273' title='bbox 145 3507 298 3570; x_wconf 80' lang='lat' dir='ltr'>par-pandens</span> <span class='ocrx_word' id='word_1_274' title='bbox 305 3505 507 3571; x_wconf 81' lang='lat' dir='ltr'>consideraveris,</span> <span class='ocrx_word' id='word_1_275' title='bbox 519 3509 582 3560; x_wconf 85' lang='lat' dir='ltr'>iliud</span> <span class='ocrx_word' id='word_1_276' title='bbox 593 3506 710 3574; x_wconf 74' lang='lat' dir='ltr'>„Hid‘sd</span> <span class='ocrx_word' id='word_1_277' title='bbox 718 3507 807 3576; x_wconf 61' lang='lat' dir='ltr'>legem,</span> <span class='ocrx_word' id='word_1_278' title='bbox 818 3509 966 3574; x_wconf 84' lang='lat' dir='ltr'>Prophetas,</span> <span class='ocrx_word' id='word_1_279' title='bbox 975 3507 1111 3572; x_wconf 75' lang='lat' dir='ltr'>Christum,</span> <span class='ocrx_word' id='word_1_280' title='bbox 1121 3506 1241 3573; x_wconf 80' lang='lat' dir='ltr'>Spiritum</span> 
     </span>
     <span class='ocr_line' id='line_1_32' title="bbox 47 3586 1242 3663; baseline 0.015 -39"><span class='ocrx_word' id='word_1_281' title='bbox 47 3586 150 3650; x_wconf 80' lang='lat' dir='ltr'>sanctum,</span> <span class='ocrx_word' id='word_1_282' title='bbox 161 3589 178 3639; x_wconf 92' lang='lat' dir='ltr'>i.</span> <span class='ocrx_word' id='word_1_283' title='bbox 196 3607 221 3644; x_wconf 88' lang='lat' dir='ltr'>e.</span> <span class='ocrx_word' id='word_1_284' title='bbox 239 3593 272 3642; x_wconf 84' lang='lat' dir='ltr'>ad</span> <span class='ocrx_word' id='word_1_285' title='bbox 283 3592 317 3643; x_wconf 85' lang='lat' dir='ltr'>V.</span> <span class='ocrx_word' id='word_1_286' title='bbox 332 3599 357 3643; x_wconf 89' lang='lat' dir='ltr'>et</span> <span class='ocrx_word' id='word_1_287' title='bbox 368 3593 401 3644; x_wconf 86' lang='lat' dir='ltr'>N.</span> <span class='ocrx_word' id='word_1_288' title='bbox 415 3594 484 3646; x_wconf 79' lang='lat' dir='ltr'>Tert.</span> <span class='ocrx_word' id='word_1_289' title='bbox 503 3605 616 3662; x_wconf 84' lang='lat' dir='ltr'>spectare</span> <span class='ocrx_word' id='word_1_290' title='bbox 632 3602 746 3662; x_wconf 83' lang='lat' dir='ltr'>oportere</span> <span class='ocrx_word' id='word_1_291' title='bbox 762 3597 880 3663; x_wconf 88' lang='lat' dir='ltr'>reperies,</span> <span class='ocrx_word' id='word_1_292' title='bbox 899 3602 928 3645; x_wconf 87' lang='lat' dir='ltr'>ut</span> <span class='ocrx_word' id='word_1_293' title='bbox 943 3601 1111 3660; x_wconf 85' lang='lat' dir='ltr'>praecaptum,</span> <span class='ocrx_word' id='word_1_294' title='bbox 1124 3597 1192 3656; x_wconf 91' lang='lat' dir='ltr'>quod</span> <span class='ocrx_word' id='word_1_295' title='bbox 1204 3609 1242 3644; x_wconf 85' lang='lat' dir='ltr'>so·</span> 
     </span>
     <span class='ocr_line' id='line_1_33' title="bbox 48 3662 1243 3747; baseline 0.006 -25"><span class='ocrx_word' id='word_1_296' title='bbox 48 3662 123 3732; x_wconf 68' lang='lat' dir='ltr'>quitur,</span> <span class='ocrx_word' id='word_1_297' title='bbox 135 3678 221 3727; x_wconf 87' lang='lat' dir='ltr'>omnia</span> <span class='ocrx_word' id='word_1_298' title='bbox 232 3684 257 3729; x_wconf 91' lang='lat' dir='ltr'>et</span> <span class='ocrx_word' id='word_1_299' title='bbox 268 3681 359 3730; x_wconf 71' lang='lat' dir='ltr'>vetans</span> <span class='ocrx_word' id='word_1_300' title='bbox 370 3685 396 3730; x_wconf 88' lang='lat' dir='ltr'>et</span> <span class='ocrx_word' id='word_1_301' title='bbox 406 3681 465 3730; x_wconf 89' lang='lat' dir='ltr'>novi</span> <span class='ocrx_word' id='word_1_302' title='bbox 475 3683 620 3734; x_wconf 84' lang='lat' dir='ltr'>testamenti</span> <span class='ocrx_word' id='word_1_303' title='bbox 631 3687 766 3747; x_wconf 84' lang='lat' dir='ltr'>praecepta</span> <span class='ocrx_word' id='word_1_304' title='bbox 782 3680 968 3746; x_wconf 80' lang='lat' dir='ltr'>complectatur,</span> <span class='ocrx_word' id='word_1_305' title='bbox 985 3681 1011 3730; x_wconf 86' lang='lat' dir='ltr'>id</span> <span class='ocrx_word' id='word_1_306' title='bbox 1024 3682 1091 3744; x_wconf 88' lang='lat' dir='ltr'>quod</span> <span class='ocrx_word' id='word_1_307' title='bbox 1107 3686 1145 3729; x_wconf 87' lang='lat' dir='ltr'>cst</span> <span class='ocrx_word' id='word_1_308' title='bbox 1157 3677 1243 3747; x_wconf 45' lang='lat' dir='ltr'>absurz</span> 
     </span>
     <span class='ocr_line' id='line_1_34' title="bbox 48 3744 1296 3836; baseline 0.018 -44"><span class='ocrx_word' id='word_1_309' title='bbox 48 3744 166 3816; x_wconf 76' lang='lat' dir='ltr'>diuinum.</span> <span class='ocrx_word' id='word_1_310' title='bbox 198 3762 267 3814; x_wconf 80' lang='lat' dir='ltr'>Nam</span> <span class='ocrx_word' id='word_1_311' title='bbox 283 3765 323 3814; x_wconf 84' lang='lat' dir='ltr'>dei</span> <span class='ocrx_word' id='word_1_312' title='bbox 336 3757 457 3829; x_wconf 83' lang='lat' dir='ltr'>caritatis,</span> <span class='ocrx_word' id='word_1_313' title='bbox 474 3766 618 3836; x_wconf 82' lang='lat' dir='ltr'>principalis</span> <span class='ocrx_word' id='word_1_314' title='bbox 630 3767 682 3818; x_wconf 86' lang='lat' dir='ltr'>eius</span> <span class='ocrx_word' id='word_1_315' title='bbox 694 3769 805 3830; x_wconf 86' lang='lat' dir='ltr'>quidem,</span> <span class='ocrx_word' id='word_1_316' title='bbox 823 3781 856 3816; x_wconf 89' lang='lat' dir='ltr'>ns</span> <span class='ocrx_word' id='word_1_317' title='bbox 871 3763 1004 3816; x_wconf 86' lang='lat' dir='ltr'>minimum</span> <span class='ocrx_word' id='word_1_318' title='bbox 1020 3765 1097 3814; x_wconf 87' lang='lat' dir='ltr'>habet</span> <span class='ocrx_word' id='word_1_319' title='bbox 1112 3765 1249 3822; x_wconf 80' lang='lat' dir='ltr'>indicium..</span> <span class='ocrx_word' id='word_1_320' title='bbox 1293 3767 1296 3774; x_wconf 88' lang='lat'>&#39;</span> 
     </span>
     <span class='ocr_line' id='line_1_35' title="bbox 47 3826 1242 3918; baseline 0.017 -36"><span class='ocrx_word' id='word_1_321' title='bbox 47 3826 128 3892; x_wconf 84' lang='lat' dir='ltr'>Deinde</span> <span class='ocrx_word' id='word_1_322' title='bbox 138 3845 199 3904; x_wconf 65' lang='lat' dir='ltr'>hace</span> <span class='ocrx_word' id='word_1_323' title='bbox 222 3851 364 3912; x_wconf 85' lang='lat' dir='ltr'>„advitam</span> <span class='ocrx_word' id='word_1_324' title='bbox 377 3852 444 3902; x_wconf 87' lang='lat' dir='ltr'>utilis</span> <span class='ocrx_word' id='word_1_325' title='bbox 459 3853 622 3914; x_wconf 84' lang='lat' dir='ltr'>admonitio‚“</span> <span class='ocrx_word' id='word_1_326' title='bbox 636 3853 697 3918; x_wconf 80' lang='lat' dir='ltr'>quid</span> <span class='ocrx_word' id='word_1_327' title='bbox 714 3853 768 3904; x_wconf 81' lang='lat' dir='ltr'>est?</span> <span class='ocrx_word' id='word_1_328' title='bbox 793 3851 976 3904; x_wconf 79' lang='lat' dir='ltr'>Siveeuim&#39;ad</span> <span class='ocrx_word' id='word_1_329' title='bbox 992 3851 1147 3914; x_wconf 83' lang='lat' dir='ltr'>singulorum</span> <span class='ocrx_word' id='word_1_330' title='bbox 1159 3850 1242 3902; x_wconf 64' lang='lat' dir='ltr'>hemis</span> 
     </span>
     <span class='ocr_line' id='line_1_36' title="bbox 47 3927 1242 4006; baseline 0.012 -32"><span class='ocrx_word' id='word_1_331' title='bbox 47 3927 174 3984; x_wconf 70' lang='lat' dir='ltr'>tranitem</span> <span class='ocrx_word' id='word_1_332' title='bbox 184 3935 286 4000; x_wconf 75' lang='lat' dir='ltr'>referas,</span> <span class='ocrx_word' id='word_1_333' title='bbox 297 3937 349 3986; x_wconf 86' lang='lat' dir='ltr'>sive</span> <span class='ocrx_word' id='word_1_334' title='bbox 359 3939 391 3988; x_wconf 82' lang='lat' dir='ltr'>ed</span> <span class='ocrx_word' id='word_1_335' title='bbox 400 3946 557 4006; x_wconf 81' lang='lat' dir='ltr'>cunctorum,</span> <span class='ocrx_word' id='word_1_336' title='bbox 564 3951 786 4004; x_wconf 82' lang='lat' dir='ltr'>supervacaneum,</span> <span class='ocrx_word' id='word_1_337' title='bbox 796 3945 834 3990; x_wconf 82' lang='lat' dir='ltr'>est</span> <span class='ocrx_word' id='word_1_338' title='bbox 842 3937 1017 4002; x_wconf 85' lang='lat' dir='ltr'>disputationis</span> <span class='ocrx_word' id='word_1_339' title='bbox 1026 3936 1242 4000; x_wconf 82' lang='lat' dir='ltr'>impedimentum.</span> 
     </span>
     <span class='ocr_line' id='line_1_37' title="bbox 48 3997 1242 4097; baseline 0.003 -28"><span class='ocrx_word' id='word_1_340' title='bbox 48 3997 96 4097; x_wconf 49' lang='lat' dir='ltr'>iii!</span> <span class='ocrx_word' id='word_1_341' title='bbox 110 4019 181 4084; x_wconf 77' lang='lat' dir='ltr'>enim,</span> <span class='ocrx_word' id='word_1_342' title='bbox 192 4021 346 4076; x_wconf 81' lang='lat' dir='ltr'>clementem</span> <span class='ocrx_word' id='word_1_343' title='bbox 358 4027 481 4088; x_wconf 82' lang='lat' dir='ltr'>usquead</span> <span class='ocrx_word' id='word_1_344' title='bbox 493 4025 561 4078; x_wconf 89' lang='lat' dir='ltr'>hunc</span> <span class='ocrx_word' id='word_1_345' title='bbox 572 4024 657 4076; x_wconf 86' lang='lat' dir='ltr'>locum</span> <span class='ocrx_word' id='word_1_346' title='bbox 667 4019 775 4086; x_wconf 74' lang='lat' dir='ltr'>setara,</span> <span class='ocrx_word' id='word_1_347' title='bbox 787 4031 921 4089; x_wconf 85' lang='lat' dir='ltr'>praecepta</span> <span class='ocrx_word' id='word_1_348' title='bbox 933 4023 1019 4074; x_wconf 68' lang='lat' dir='ltr'>diune</span> <span class='ocrx_word' id='word_1_349' title='bbox 1031 4032 1084 4074; x_wconf 80' lang='lat' dir='ltr'>csse</span> <span class='ocrx_word' id='word_1_350' title='bbox 1096 4021 1170 4073; x_wconf 84' lang='lat' dir='ltr'>utilia</span> <span class='ocrx_word' id='word_1_351' title='bbox 1185 4036 1242 4072; x_wconf 76' lang='lat' dir='ltr'>nea</span> 
     </span>
     <span class='ocr_line' id='line_1_38' title="bbox 47 4094 1241 4174; baseline 0.023 -40"><span class='ocrx_word' id='word_1_352' title='bbox 47 4094 100 4142; x_wconf 78' lang='lat' dir='ltr'>ost?</span> <span class='ocrx_word' id='word_1_353' title='bbox 111 4094 161 4154; x_wconf 85' lang='lat' dir='ltr'>lno</span> <span class='ocrx_word' id='word_1_354' title='bbox 173 4107 308 4160; x_wconf 82' lang='lat' dir='ltr'>nouaclum</span> <span class='ocrx_word' id='word_1_355' title='bbox 317 4108 391 4160; x_wconf 80' lang='lat' dir='ltr'>utilia</span> <span class='ocrx_word' id='word_1_356' title='bbox 402 4111 487 4160; x_wconf 81' lang='lat' dir='ltr'>sadud</span> <span class='ocrx_word' id='word_1_357' title='bbox 496 4111 576 4160; x_wconf 81' lang='lat' dir='ltr'>vitam</span> <span class='ocrx_word' id='word_1_358' title='bbox 585 4115 757 4174; x_wconf 73' lang='lat' dir='ltr'>verteratque</span> <span class='ocrx_word' id='word_1_359' title='bbox 766 4116 895 4160; x_wconf 87' lang='lat' dir='ltr'>aeternam</span> <span class='ocrx_word' id='word_1_360' title='bbox 904 4109 969 4158; x_wconf 87' lang='lat' dir='ltr'>haec</span> <span class='ocrx_word' id='word_1_361' title='bbox 978 4122 1031 4160; x_wconf 85' lang='lat' dir='ltr'>esse</span> <span class='ocrx_word' id='word_1_362' title='bbox 1041 4107 1241 4161; x_wconf 72' lang='lat' dir='ltr'>secesserint</span> 
     </span>
     <span class='ocr_line' id='line_1_39' title="bbox 47 4167 1242 4259; baseline 0.008 -25"><span class='ocrx_word' id='word_1_363' title='bbox 47 4167 86 4227; x_wconf 60' lang='lat' dir='ltr'>Sti</span> <span class='ocrx_word' id='word_1_364' title='bbox 94 4187 164 4240; x_wconf 78' lang='lat' dir='ltr'>rerba</span> <span class='ocrx_word' id='word_1_365' title='bbox 175 4191 275 4245; x_wconf 81' lang='lat' dir='ltr'>Graeca</span> <span class='ocrx_word' id='word_1_366' title='bbox 286 4195 468 4250; x_wconf 83' lang='lat' dir='ltr'>examinemus.</span> <span class='ocrx_word' id='word_1_367' title='bbox 502 4194 589 4246; x_wconf 89' lang='lat' dir='ltr'>Primo</span> <span class='ocrx_word' id='word_1_368' title='bbox 600 4195 686 4259; x_wconf 86' lang='lat' dir='ltr'>igitur,</span> <span class='ocrx_word' id='word_1_369' title='bbox 702 4196 724 4246; x_wconf 88' lang='lat' dir='ltr'>si</span> <span class='ocrx_word' id='word_1_370' title='bbox 736 4193 851 4246; x_wconf 81' lang='lat' dir='ltr'>Clemens</span> <span class='ocrx_word' id='word_1_371' title='bbox 861 4196 894 4246; x_wconf 86' lang='lat' dir='ltr'>ad</span> <span class='ocrx_word' id='word_1_372' title='bbox 905 4195 995 4258; x_wconf 82' lang='lat' dir='ltr'>legem,</span> <span class='ocrx_word' id='word_1_373' title='bbox 1005 4192 1155 4256; x_wconf 82' lang='lat' dir='ltr'>Prophetas,</span> <span class='ocrx_word' id='word_1_374' title='bbox 1168 4191 1242 4244; x_wconf 66' lang='lat' dir='ltr'>Chris</span> 
     </span>
     <span class='ocr_line' id='line_1_40' title="bbox 48 4263 1243 4348; baseline -0.002 -20"><span class='ocrx_word' id='word_1_375' title='bbox 48 4263 107 4328; x_wconf 51' lang='grc' dir='ltr'>ΜΠ,</span> <span class='ocrx_word' id='word_1_376' title='bbox 116 4269 156 4337; x_wconf 81' lang='lat' dir='ltr'>Sp,</span> <span class='ocrx_word' id='word_1_377' title='bbox 167 4277 194 4332; x_wconf 83' lang='lat' dir='ltr'>S.</span> <span class='ocrx_word' id='word_1_378' title='bbox 206 4281 297 4331; x_wconf 85' lang='lat' dir='ltr'>reverti</span> <span class='ocrx_word' id='word_1_379' title='bbox 308 4281 435 4343; x_wconf 78' lang='lat' dir='ltr'>voluisset,</span> <span class='ocrx_word' id='word_1_380' title='bbox 454 4281 480 4332; x_wconf 89' lang='lat' dir='ltr'>id</span> <span class='ocrx_word' id='word_1_381' title='bbox 497 4295 558 4332; x_wconf 84' lang='lat' dir='ltr'>voce</span> <span class='ocrx_word' id='word_1_382' title='bbox 570 4272 693 4334; x_wconf 72' lang='lat' dir='ltr'>adsideo</span> <span class='ocrx_word' id='word_1_383' title='bbox 708 4282 812 4332; x_wconf 87' lang='lat' dir='ltr'>minime</span> <span class='ocrx_word' id='word_1_384' title='bbox 828 4281 882 4332; x_wconf 87' lang='lat' dir='ltr'>fieri</span> <span class='ocrx_word' id='word_1_385' title='bbox 897 4285 1009 4346; x_wconf 89' lang='lat' dir='ltr'>poterat,</span> <span class='ocrx_word' id='word_1_386' title='bbox 1029 4284 1055 4328; x_wconf 88' lang='lat' dir='ltr'>ct</span> <span class='ocrx_word' id='word_1_387' title='bbox 1071 4279 1149 4346; x_wconf 74' lang='lat' dir='ltr'>ipsius</span> <span class='ocrx_word' id='word_1_388' title='bbox 1162 4277 1243 4348; x_wconf 51' lang='lat' dir='ltr'>partis</span> 
     </span>
     <span class='ocr_line' id='line_1_41' title="bbox 47 4345 1242 4434; baseline 0 -21"><span class='ocrx_word' id='word_1_389' title='bbox 47 4345 136 4408; x_wconf 57' lang='lat' dir='ltr'>Qvi</span> <span class='ocrx_word' id='word_1_390' title='bbox 145 4363 296 4429; x_wconf 79' lang='lat' dir='ltr'>prohibente,</span> <span class='ocrx_word' id='word_1_391' title='bbox 308 4355 334 4418; x_wconf 85' lang='lat' dir='ltr'>et</span> <span class='ocrx_word' id='word_1_392' title='bbox 344 4366 480 4421; x_wconf 79' lang='lat' dir='ltr'>enunciata</span> <span class='ocrx_word' id='word_1_393' title='bbox 497 4367 553 4418; x_wconf 84' lang='lat' dir='ltr'>iilo:</span> <span class='ocrx_word' id='word_1_394' title='bbox 573 4361 612 4428; x_wconf 75' lang='lat' dir='ltr'>ste</span> <span class='ocrx_word' id='word_1_395' title='bbox 629 4361 659 4418; x_wconf 78' lang='grc' dir='ltr'>δὲ</span> <span class='ocrx_word' id='word_1_396' title='bbox 671 4357 711 4419; x_wconf 77' lang='lat' dir='ltr'>rin</span> <span class='ocrx_word' id='word_1_397' title='bbox 722 4359 738 4418; x_wconf 85' lang='grc' dir='ltr'>ὁ</span> <span class='ocrx_word' id='word_1_398' title='bbox 751 4359 856 4434; x_wconf 73' lang='grc' dir='ltr'>Κύριος</span> <span class='ocrx_word' id='word_1_399' title='bbox 873 4372 921 4418; x_wconf 83' lang='lat' dir='ltr'>eto.</span> <span class='ocrx_word' id='word_1_400' title='bbox 937 4364 1074 4418; x_wconf 89' lang='lat' dir='ltr'>interiecto.</span> <span class='ocrx_word' id='word_1_401' title='bbox 1109 4363 1242 4429; x_wconf 75' lang='lat' dir='ltr'>Significat</span> 
     </span>
     <span class='ocr_line' id='line_1_42' title="bbox 49 4434 1241 4518; baseline -0.001 -17"><span class='ocrx_word' id='word_1_402' title='bbox 49 4434 113 4489; x_wconf 52' lang='lat' dir='ltr'>9⁰²5ss</span> <span class='ocrx_word' id='word_1_403' title='bbox 123 4438 240 4514; x_wconf 56' lang='lat' dir='ltr'>“strider</span> <span class='ocrx_word' id='word_1_404' title='bbox 247 4451 313 4515; x_wconf 88' lang='lat' dir='ltr'>hino,</span> <span class='ocrx_word' id='word_1_405' title='bbox 324 4451 364 4502; x_wconf 85' lang='lat' dir='ltr'>vel</span> <span class='ocrx_word' id='word_1_406' title='bbox 372 4453 449 4514; x_wconf 81' lang='lat' dir='ltr'>illinc,</span> <span class='ocrx_word' id='word_1_407' title='bbox 461 4452 501 4504; x_wconf 85' lang='lat' dir='ltr'>rel</span> <span class='ocrx_word' id='word_1_408' title='bbox 509 4453 585 4518; x_wconf 81' lang='lat' dir='ltr'>iflico,</span> <span class='ocrx_word' id='word_1_409' title='bbox 597 4451 637 4504; x_wconf 83' lang='lat' dir='ltr'>rel</span> <span class='ocrx_word' id='word_1_410' title='bbox 645 4457 742 4518; x_wconf 87' lang='lat' dir='ltr'>sponte.</span> <span class='ocrx_word' id='word_1_411' title='bbox 770 4452 842 4504; x_wconf 83' lang='lat' dir='ltr'>Haec</span> <span class='ocrx_word' id='word_1_412' title='bbox 852 4456 938 4502; x_wconf 85' lang='lat' dir='ltr'>autem</span> <span class='ocrx_word' id='word_1_413' title='bbox 946 4451 1108 4516; x_wconf 74' lang='lat' dir='ltr'>significatio,</span> <span class='ocrx_word' id='word_1_414' title='bbox 1119 4455 1241 4514; x_wconf 64' lang='lat' dir='ltr'>sponte,</span> 
     </span>
     <span class='ocr_line' id='line_1_43' title="bbox 48 4515 1241 4610; baseline -0.001 -21"><span class='ocrx_word' id='word_1_415' title='bbox 48 4515 89 4570; x_wconf 68' lang='lat'>&#39;⁰¹²</span> <span class='ocrx_word' id='word_1_416' title='bbox 98 4536 196 4592; x_wconf 74' lang='lat' dir='ltr'>tutaret</span> <span class='ocrx_word' id='word_1_417' title='bbox 205 4541 233 4592; x_wconf 89' lang='lat' dir='ltr'>in</span> <span class='ocrx_word' id='word_1_418' title='bbox 248 4537 345 4602; x_wconf 82' lang='lat' dir='ltr'>locam,</span> <span class='ocrx_word' id='word_1_419' title='bbox 361 4551 412 4603; x_wconf 88' lang='lat' dir='ltr'>qno</span> <span class='ocrx_word' id='word_1_420' title='bbox 428 4539 460 4610; x_wconf 83' lang='lat' dir='ltr'>de</span> <span class='ocrx_word' id='word_1_421' title='bbox 476 4539 567 4604; x_wconf 68' lang='lat' dir='ltr'>agitur.</span> <span class='ocrx_word' id='word_1_422' title='bbox 601 4537 749 4604; x_wconf 70' lang='grc' dir='ltr'>Διιιοιιιιιιιιι</span> <span class='ocrx_word' id='word_1_423' title='bbox 759 4538 827 4590; x_wconf 86' lang='lat' dir='ltr'>euim</span> <span class='ocrx_word' id='word_1_424' title='bbox 843 4535 959 4589; x_wconf 79' lang='lat' dir='ltr'>Clemens</span> <span class='ocrx_word' id='word_1_425' title='bbox 974 4543 1111 4603; x_wconf 80' lang='lat' dir='ltr'>praecepta</span> <span class='ocrx_word' id='word_1_426' title='bbox 1122 4535 1241 4588; x_wconf 77' lang='lat' dir='ltr'>divinitus</span> 
     </span>
     <span class='ocr_line' id='line_1_44' title="bbox 50 4609 1240 4694; baseline 0.003 -20"><span class='ocrx_word' id='word_1_427' title='bbox 50 4609 207 4680; x_wconf 61' lang='lat' dir='ltr'>eom”loricata</span> <span class='ocrx_word' id='word_1_428' title='bbox 218 4624 304 4689; x_wconf 79' lang='lat' dir='ltr'>tradit,</span> <span class='ocrx_word' id='word_1_429' title='bbox 325 4623 486 4679; x_wconf 82' lang='lat' dir='ltr'>naturalis</span> <span class='ocrx_word' id='word_1_430' title='bbox 502 4623 586 4691; x_wconf 73' lang='lat' dir='ltr'>tagis</span> <span class='ocrx_word' id='word_1_431' title='bbox 603 4639 730 4680; x_wconf 83' lang='lat' dir='ltr'>summanr</span> <span class='ocrx_word' id='word_1_432' title='bbox 745 4623 849 4694; x_wconf 72' lang='lat' dir='ltr'>proicit,</span> <span class='ocrx_word' id='word_1_433' title='bbox 865 4623 983 4692; x_wconf 80' lang='lat' dir='ltr'>generale</span> <span class='ocrx_word' id='word_1_434' title='bbox 994 4625 1151 4688; x_wconf 74' lang='grc' dir='ltr'>ιιιιιιιιίιιιιιιι,</span> <span class='ocrx_word' id='word_1_435' title='bbox 1168 4621 1240 4692; x_wconf 73' lang='lat' dir='ltr'>quoa</span> 
     </span>
    </p>
   </div>
   <div class='ocr_carea' id='block_1_8' title="bbox 0 0 1420 5052">
    <p class='ocr_par' dir='ltr' id='par_1_8' title="bbox 0 0 1420 5052">
     <span class='ocr_line' id='line_1_45' title="bbox 0 0 1420 5052; baseline 0 0"><span class='ocrx_word' id='word_1_436' title='bbox 0 0 1420 5052; x_wconf 95' lang='lat' dir='ltr'> </span> 
     </span>
    </p>
   </div>
  </div>
 </body>
</html>
