2972 5048
674 351 713 417 51

109 542 216 611 ratione
230 541 420 632 pascuntur,
434 537 564 604 minime
574 539 684 603 tamen
694 536 866 604 veritatem
881 535 1045 606 simulant.
1073 537 1206 608 Nullum
1220 540 1306 608 inter

107 667 155 712 eas
171 643 391 711 simulatorum
406 661 521 728 genus.
549 638 622 706 Non
642 640 753 706 colunt
766 638 873 727 pisces
889 641 1108 726 superstitiosi
1123 643 1306 728 daemonia3

106 745 302 812 nonadorant
313 743 484 810 simulacra
495 765 587 809 aves:
602 763 702 808 unum
714 745 843 808 tantum
852 739 975 808 coelum
985 743 1195 825 admirantur,
1207 771 1306 835 quum

108 847 188 912 deum
200 867 406 934 cognoscere,
422 845 547 912 ratione
562 843 745 922 deficiente,
766 846 938 929 nequeant.
980 842 1050 910 Vos
1061 868 1149 934 crgo,
1165 849 1221 934 qui
1235 851 1305 916 ani-

110 947 224 1015 malibus
238 949 339 1016 etiam
353 947 490 1014 rationis
506 945 694 1035 expertibus
709 968 728 1012 a
742 945 867 1012 ratione
882 945 986 1032 magis
1001 969 1059 1012 vos
1072 948 1191 1016 alienat
1193 951 1235 1030 is,
1254 955 1307 1020 tot
1355 949 1357 956 ⁴

105 1053 237 1117 aetates'
227 1073 263 1116 ιιι
278 1050 331 1116 dei
345 1049 518 1138 negatione
532 1047 723 1116 contrivisse
737 1070 803 1114 non
822 1046 971 1134 pudebitl
987 1047 1085 1117 Pueri
1096 1051 1223 1130 fuistis3
1247 1055 1303 1120 de-

101 1153 165 1220 inde
182 1153 423 1231 adolescentes,
446 1149 549 1218 turn
539 1172 683 1228 iuvenes,
705 1149 821 1216 tum
791 1149 868 1214 vrri·
904 1147 1033 1218 honesti
1057 1152 1162 1221 adhuc
1183 1178 1306 1242 nequa·

100 1277 194 1342 quam.
237 1254 449 1322 Senectutem
467 1253 598 1332 saltem,
621 1276 720 1340 quum
741 1253 804 1318 iam
825 1251 868 1318 ad
887 1273 1036 1318 occasum
1057 1253 1144 1322 vitae
1159 1259 1312 1346 prpveeti

100 1359 174 1436 sitis,
196 1355 397 1425 reveremini.
447 1355 487 1422 In
513 1355 575 1422 boc
597 1356 712 1424 saltem
734 1359 879 1421 extremo
904 1353 992 1436 vitae
1019 1355 1084 1422 fine
1113 1358 1306 1446 resipiscite,

100 1448 248 1548 deumque
268 1459 452 1546 agnoscite,
477 1461 517 1524 ut
535 1457 627 1525 vobis
652 1458 739 1524 vitae
760 1456 834 1522 finis
854 1461 1022 1544 recuperet
1036 1458 1132 1524 salut
1108 1463 1152 1526 trs
1166 1461 1306 1529 initium.

103 1561 441 1632 Consenuistis-in
460 1559 551 1627 cultu
569 1559 776 1636 daemonum
798 1558 907 1624 venite
926 1557 1088 1626 invenes
1113 1563 1155 1628 ad
1184 1565 1307 1630 cultum

102 1667 186 1736 dei:
177 1692 209 1732 ιιι
223 1687 397 1731 numerum
412 1664 582 1752 puerorum
597 1660 817 1727 innocentium
836 1683 894 1726 vos
913 1660 1031 1728 referet
1016 1663 1135 1730 t.dcus
1181 1665 1308 1746 Quodsi

100 1767 305 1836 Atheniensis
321 1765 467 1842 Solonis,
490 1762 651 1830 Phoronei
671 1764 832 1850 Arg'mvus,
855 1762 1037 1852 Spartanus
1057 1764 1204 1854 Lycurgi
1218 1768 1307 1857 leges

102 1876 261 1956 sequatur.
285 1867 336 1934 sin
351 1868 457 1934 tedeo
471 1855 639 1944 adscribis,
655 1865 778 1933 coelum
795 1864 993 1955 quidempat
994 1867 1042 1934 ria
1054 1869 1116 1935 tibi
1136 1871 1212 1948 erit,
1228 1873 1308 1940 deus
1391 1930 1396 1942 .

105 1976 203 2038 autem
219 1969 400 2060 legislator.
445 1965 656 2035 Consuetudo
685 1968 726 2034 ad
744 1967 914 2034 interitum
932 1973 1043 2048 vocat;
1070 1973 1191 2048 veritas
1218 1975 1310 2042 ducit

106 2075 135 2140 in
148 2074 272 2142 coelum.
317 2071 364 2138 Et
375 2071 416 2138 ad
430 2070 513 2138 hanc
528 2071 657 2160 quidem
673 2073 777 2138 verita
778 2075 844 2136 tem
778 2072 969 2138 tfaoiles
991 2076 1069 2140 sunt
1084 2075 1153 2140 adit
1138 2079 1203 2142 tus.
1235 2076 1310 2142 Noli

101 2181 196 2244 autem
211 2179 371 2252 metuere,
386 2195 427 2240 ne
441 2175 476 2238 te
490 2172 594 2238 multa
608 2173 663 2238 illa
673 2177 708 2241 et
717 2173 900 2262 voluptaria
915 2175 1095 2254 simulacra,
1113 2201 1195 2264 quae
1210 2179 1303 2266 quasi

97 2280 220 2348 umbrae
237 2278 383 2345 animum
404 2275 580 2342 identidem
601 2277 874 2355 circumvolitant,
909 2279 1109 2366 asapientia
1129 2281 1308 2362 abducant;

95 2384 159 2471 ipse
172 2383 261 2450 enim
276 2375 468 2468 praeteribis
484 2379 727 2445 consuetudinis
742 2401 848 2464 nugas
866 2383 924 2447 tuo
943 2381 1061 2447 iudicio
1081 2385 1116 2447 et
1130 2383 1308 2464 voluntate,
1429 2388 1435 2422 r

94 2483 360 2572 quemadmodum
375 2480 467 2568 pueri
482 2501 620 2570 quoque,
645 2482 707 2546 viri
721 2482 814 2559 faeti,
844 2484 1019 2572 crepundia
1040 2483 1207 2553 abiiciunt.
1251 2487 1308 2556 In.

95 2587 177 2654 uicta
191 2607 274 2654 vero
286 2583 453 2650 celeritate
468 2583 502 2648 at
518 2580 755 2662 benevolentia,
770 2585 825 2650 ,ad
845 2609 942 2675 quam
957 2585 1049 2652 facile
1065 2591 1176 2676 potest
1190 2591 1309 2670 accedi,

91 2689 136 2756 ιιι
152 2690 278 2765 divina,
294 2684 364 2752 orbi
378 2687 537 2750 terrarum
552 2683 754 2765 illucescens,
775 2685 871 2754 salut
846 2693 890 2754 ιιι
906 2690 1027 2756 semine
1041 2689 1188 2778 implevit
1202 2693 1309 2760 totum

92 2789 318 2860 universitatis
333 2807 450 2873 corpus
457 2791 554 2858 ¹·-l
767 2791 779 2810 “

148 2894 238 2980 Pag
262 2891 302 2958 86
318 2888 489 2960 continet
480 2889 654 2976 rmaginem
674 2889 843 2956 universae
858 2892 985 2978 generis
1005 2891 1136 2958 humani
1156 2894 1310 2963 historias

92 2995 331 3062 adumbratam.
374 2989 543 3076 Iudicatur
558 2990 642 3056 enim
657 2989 845 3070 Perediam,
866 2999 980 3082 peccat
981 3018 1046 3074 um,
1062 2995 1226 3062 hominurn
1242 3019 1310 3064 aar·

94 3099 186 3175 ritus,
206 3093 401 3183 redemptio.
419 3133 457 3146 -

147 3201 235 3270 Jarn
249 3215 336 3272 vero,
354 3233 395 3244 -
409 3193 458 3260 ita
471 3191 579 3260 tendit
593 3191 773 3260 cohortatio
794 3195 835 3260 ad
855 3195 963 3276 finam,
985 3237 1027 3248 -
1042 3222 1124 3288 opus
1144 3199 1231 3268 ultra
1245 3223 1310 3268 non

93 3303 161 3382 erit,
173 3297 328 3368 discendi
341 3317 440 3366 causa
455 3295 604 3380 Athenas
620 3295 790 3386 proficisci,
806 3297 857 3364 vel
870 3299 905 3364 in
919 3303 1044 3368 ceteras
1061 3301 1218 3370 Graeciae
1231 3327 1308 3392 par·
1423 3375 1428 3391 Ι

89 3407 147 3484 tes,
163 3402 224 3472 vel
236 3401 272 3468 in
286 3397 434 3468 Joniamr
449 3421 507 3486 per
518 3400 613 3484 Λόγον
628 3399 713 3466 eninr
728 3403 820 3466 totus
831 3403 970 3471 mundus
983 3405 1088 3472 sactus
1101 3407 1312 3474 estAthenaa

88 3511 121 3574 et
136 3503 295 3574 Graecia.
338 3501 548 3590 Philosophia
563 3501 692 3586 quidem
710 3503 880 3571 nonnullas
897 3505 995 3572 solvit
1013 3509 1236 3593 quaestiones:
1258 3509 1311 3576 lex

87 3607 216 3678 domini
231 3608 342 3674 autem
355 3625 416 3672 nec
425 3605 570 3692 tempore
584 3625 644 3671 nec
659 3605 766 3693 spatio
780 3605 901 3674 finitur.
931 3609 981 3675 Ut
996 3611 1080 3676 enim
1091 3634 1157 3677 nox
1170 3611 1204 3677 in
1218 3613 1312 3686 tanta

82 3713 263 3781 ‘stellarum
274 3707 346 3776 lucc
360 3710 471 3776 manet
485 3705 703 3776 tenebricosa:
728 3709 774 3775 sic
788 3711 858 3776 vita
871 3715 995 3800 nostra,
1007 3713 1154 3800 quamvis
1169 3713 1313 3802 philoso-

85 3817 166 3937 phia
181 3813 295 3880 lumen
309 3831 403 3878 suum
417 3807 572 3897 proferat,
586 3809 621 3874 in
635 3809 777 3876 tenebris
792 3810 885 3878 iacet.
900 3851 943 3864 -
985 3813 1149 3880 Exhortat
1150 3815 1181 3880 io
1134 3816 1311 3881 tmirnm

85 3919 119 3986 iu
146 3915 285 3986 modum
316 3933 388 3981 ιιιι
417 3909 560 3988 extollit,
582 3935 684 3978 novae
709 3911 827 3978 iterum
848 3915 999 3982 oriuntur
1020 3915 1096 3984 novi
1116 3915 1235 3984 cantici
1254 3939 1312 3984 vo·

86 4023 265 4108 semp-
309 4014 402 4082 Deus
427 4012 569 4102 ignoscit
587 4017 730 4103 peccata.
764 4015 932 4104 Magnum
953 4039 1071 4108 parvae
1097 4016 1172 4084 tidei
1193 4041 1312 4109 propo-

87 4125 197 4194 situm
211 4122 264 4188 est
264 4117 465 4212 praemium.
479 4153 524 4171 -

154 4205 345 4309 Fugiamus
359 4219 463 4307 igitur
482 4216 748 4286 consuetudinem
766 4217 868 4288 veluti
893 4221 1024 4290 difficile
1048 4221 1211 4312 quoddam
1236 4245 1312 4312 pro·

87 4325 305 4404 montorium,
319 4321 371 4392 vel
384 4321 489 4390 minas
506 4313 701 4409 Charybdis,
720 4321 773 4392 vel
788 4319 918 4396 Sirenes
939 4324 975 4393 in
992 4323 1121 4395 fabulis.
1164 4325 1314 4398 Sessar

89 4497 302 4518 ..ιν-*ω’*-

152 4581 183 4648 ¹)
199 4597 222 4649 a.
235 4577 349 4636 ιιι-86.
404 4638 408 4648 ,
499 4569 503 4576 ’

151 4665 184 4732 ⁸)
199 4681 223 4734 p·
235 4664 349 4722 81-88.
