2820 5052
611 318 617 324 ·
680 314 883 416 „aa

175 506 257 582 net,
285 523 361 568 non
382 501 426 567 nt
447 498 596 566 bomini
621 499 799 587 placens,
829 498 897 565 sed
922 497 1008 576 deo,
1035 519 1131 588 quom
1147 497 1218 568 leus
1232 499 1357 590 sequitu
1396 474 1397 524 ¹

175 605 218 673 ad
236 603 414 672 utilitatem
434 602 647 669 laudantium.
691 601 757 668 Sed
777 601 947 668 continens
968 601 996 667 is
1018 611 1145 692 quoque
1166 601 1291 679 dicitnr,
1316 601 1358 690 qni

120 755 124 766 ,
174 708 261 775 bona
274 706 430 782 continet,
445 710 484 770 ut
498 703 540 769 ad
555 701 690 770 solidam
701 703 976 771 etimmutabilem
987 703 1155 792 perveniat
1170 704 1358 793 scientemque

175 811 424 902 possessionem,
450 801 758 872 diunsmm'rerum
779 807 1055 896 humanarumque
1075 807 1250 876 scientiam.
1290 803 1358 891 (log-

174 914 256 981 nitio
272 934 349 1000 ergo
364 931 528 999 nunquam
542 909 580 974 fit
594 908 766 995 ignoratio,
783 931 887 999 neque
901 908 1022 975 bonum
1043 912 1191 976 mutatur
1206 910 1241 976 in
1254 907 1360 974 moun.

176 1013 328 1090 Comedit
343 1013 527 1102 gnosticus,
537 1009 631 1086 bibit,
641 1033 773 1078 uxorem
785 1011 886 1088 ducit,
901 1011 1097 1080 necessitate
1111 1012 1253 1080 dictante
1268 1031 1359 1080 secan·

174 1119 252 1184 dum
265 1117 393 1204 Logon.
437 1111 503 1195 Qui
517 1114 602 1178 enim
616 1113 715 1180 luerit
728 1113 903 1203 perlectus,
921 1113 1068 1202 exempla
1085 1111 1184 1180 habet
1199 1111 1360 1202 Apostblos.

176 1219 242 1288 Sed
256 1221 491 1286 reveratsmen
504 1237 570 1281 non
583 1237 622 1281 eo
636 1217 686 1282 vir
704 1215 876 1305 probatur,
898 1215 984 1303 quod
1003 1216 1104 1282 vitam
1121 1215 1257 1303 elegerit
1272 1237 1359 1280 mom·
1398 1288 1399 1314 χ

173 1321 307 1398 sticum,
329 1319 386 1388 sed
404 1317 458 1383 ille
476 1317 563 1384 viros
583 1318 699 1398 vincit,
728 1317 785 1408 qui
803 1318 838 1384 in
858 1317 1063 1384 matrimonio
1079 1320 1116 1384 et
1129 1317 1296 1387 liberorum
1306 1337 1358 1404 pro·

175 1424 336 1490 creatione
350 1443 491 1510 curaque
506 1415 620 1486 domus
637 1421 705 1488 sine
716 1420 885 1509 voluptate
898 1423 934 1487 et
947 1419 1057 1486 dolore
1071 1443 1106 1488 se
1117 1423 1255 1498 exercet,
1269 1441 1359 1506 quum·

173 1549 236 1614 que
249 1525 435 1591 irs-familias
449 1522 615 1589 curatione
630 1525 787 1601 vera,etur
804 1523 946 1612 separari
956 1545 1022 1590 non
1032 1526 1144 1612 potest
1157 1547 1178 1590 a
1189 1523 1242 1590 dei
1251 1521 1361 1589 mano

173 1633 208 1696 et
222 1649 347 1696 omnem
363 1629 497 1714 superat
510 1624 723 1690 tentationem
739 1647 797 1714 per
810 1625 930 1704 tilios,
924 1649 1072 1706 uxorem,
1092 1625 1241 1705 famulos,
1256 1643 1360 1714 posses·

174 1733 280 1798 aiones
295 1729 430 1794 illatam.
475 1727 542 1810 Qui
564 1726 649 1794 enim
662 1727 793 1794 domum
807 1728 1001 1809 nonhabet,
1020 1729 1051 1798 ei
1070 1729 1196 1811 evenit,
1212 1732 1251 1798 ut
1269 1745 1362 1813 magua

170 1855 214 1901 ex
228 1835 321 1922 parte
335 1851 400 1896 non
415 1833 571 1898 tentetur.

237 1933 304 2001 Sed
316 1933 411 1999 nobis
426 1933 565 2022 quidem,
581 1953 678 2019 quam
692 1930 759 1997 fieri
775 1934 888 2020 potest
900 1932 1054 2012 maxime,
1075 1932 1167 2021 prius
1187 1932 1274 2002 varie
1292 1949 1361 1996 exer·

156 2037 274 2104 'cende
287 2038 341 2102 est
360 2031 482 2112 anima,
507 2038 547 2101 ut
560 2036 602 2101 ad
623 2035 861 2123 suscipiendam
878 2035 1098 2122 cognitionem
1116 2036 1268 2124 expedita
1287 2033 1325 2100 sit
1338 2030 1362 2094 et

171 2140 286 2206 facilis.
330 2137 382 2203 Eo
395 2136 511 2214 tendit,
525 2139 565 2203 ut
578 2138 683 2204 dicat:
705 2137 805 2205 Volo
827 2138 933 2204 siout
954 2141 998 2204 tu
1019 2138 1094 2206 visl
1125 2137 1194 2220 Qui
1207 2160 1243 2205 se
1256 2139 1361 2224 gratum

173 2241 274 2309 videri
290 2239 402 2306 studet
415 2237 608 2318 hominibus,
624 2240 684 2306 deo
698 2239 824 2327 placere
837 2261 902 2307 non
916 2241 1035 2327 potest
1068 2239 1187 2306 Nemo
1202 2239 1361 2329 enimpo·
1400 2247 1401 2254 ’

171 2347 258 2409 test
283 2341 444 2408 duobus
473 2339 641 2407 dominis
678 2342 846 2416 servir-e,
880 2341 951 2408 deo
980 2345 1021 2410 et
1040 2363 1292 2418 mammonae,
1314 2337 1362 2406 ie

171 2443 405 2532 voluptatibus,
426 2463 509 2528 quae
522 2442 686 2530 peccuniis
703 2443 963 2532 suppeditantur.
1006 2444 1070 2512 Est
1084 2448 1195 2512 autem
1214 2465 1295 2512 unus
1306 2436 1362 2525 qai·

172 2548 244 2613 dem
261 2545 348 2612 solus
364 2543 406 2610 ab
421 2543 508 2610 omni
522 2545 700 2640 cupiditate
715 2546 838 2612 ebenus
854 2545 895 2612 ab
909 2545 1013 2626 initio,
1029 2545 1190 2634 benignus
1202 2550 1238 2616 et
1248 2546 1361 2614 aenens

171 2649 346 2726 Dominus,
373 2647 429 2737 qui
451 2649 584 2734 propter
608 2669 668 2714 nos
688 2647 783 2714 homo
801 2648 909 2716 factus
929 2651 992 2716 est.
1040 2647 1130 2714 Huic
1155 2654 1323 2739 χαρακτῆρι
1335 2642 1362 2706 ut
1401 2681 1402 2692 κ

172 2747 292 2816 similes
307 2750 551 2828 conformemur,
566 2771 685 2838 magna
697 2751 731 2818 vi
746 2753 905 2840 opus'est.
948 2749 1016 2834 Qui
1029 2753 1139 2819 autem
1154 2751 1256 2818 semel
1268 2765 1361 2816 aenou·

170 2852 263 2944 pivit‚
239 2852 394 2919 tdeinde
409 2875 485 2920 vero
500 2852 643 2942 seipsum
654 2854 810 2933 continet,
825 2854 941 2922 viduae
956 2855 1008 2920 est
1021 2853 1141 2933 instar,
1162 2876 1247 2941 quae
1260 2856 1360 2936 tempe

169 2956 276 3022 rantia
290 2975 403 3022 rursus
423 2955 511 3022 fit
481 2977 585 3042 vargo.
629 2953 841 3023 Continentia
859 2977 935 3022 vero
949 2959 1124 3045 utrumque
1139 2954 1360 3046 complectitor:

170 3059 400 3126 abstinentiam
416 3080 436 3124 a
450 3058 544 3124 malis
558 3060 593 3126 et
607 3057 708 3124 bones
724 3040 879 3130 actiones

232 3159 352 3226 Adt
311 3182 336 3226 u
337 3163 487 3279 trumque
506 3163 616 3226 autem
639 3159 747 3226 anima
766 3160 866 3226 alitur
889 3159 1083 3248 cognitione.
1128 3160 1196 3228 Sed
1215 3155 1361 3248 gnosum

168 3261 324 3350 propter
315 3262 475 3348 insignem
491 3263 698 3340 sanctitatem
714 3285 806 3330 suam
822 3263 965 3352 paratior
975 3264 1017 3330 ad
1027 3265 1266 3354 assequendum
1278 3261 1303 3327 si
1315 3277 1362 3324 oon

169 3368 271 3451 petat,
287 3384 384 3451 qnam
405 3364 651 3453 adpetendum,
673 3365 783 3432 sinon
806 3369 1027 3456 ¹assequatur.¹
1053 3365 1206 3434 Precatio
1226 3358 1363 3440 animat

168 3463 322 3546 diximus,
336 3467 487 3534 universa
501 3467 570 3533 eius
585 3467 655 3534 vita
668 3471 721 3534 est
734 3472 770 3535 et
784 3469 954 3536 collocutio
968 3491 1042 3536 cum
1056 3470 1126 3536 deo.
1168 3467 1304 3561 Inutilis
1314 3482 1364 3530 110¹1

167 3569 263 3657 petit,
292 3569 387 3635 utilia
412 3569 531 3657 accipit
555 3570 659 3638 adhuc
679 3571 844 3658 cogitens3
872 3595 963 3660 ergo,
983 3572 1140 3659 quidquid
1158 3560 1364 3656 vuluerit&-

23 3665 36 3698 “
170 3669 296 3753 Quodsi
308 3665 498 3759 'petentibus
513 3673 695 3738 hominibus
710 3673 804 3740 malis
819 3673 924 3761 petita
937 3675 1058 3740 dantur
1067 3694 1306 3761 nonnunquam,
1318 3667 1364 3732 loc

168 3772 208 3840 fla
220 3777 355 3862 propter
369 3774 503 3841 afiorum
520 3775 673 3852 salutem;
693 3775 773 3841 deus
788 3776 873 3842 enim
884 3775 1002 3842 iustus.
1047 3775 1110 3844 Via
1122 3776 1228 3864 igitur
1241 3775 1323 3842 iusta
1334 3785 1364 3832 ex

167 3874 268 3942 libero
279 3876 377 3942 animi
387 3875 521 3943 arbitrio
532 3877 585 3943 via
595 3876 716 3942 dicitur
724 3877 825 3964 regia,
838 3900 935 3964 quam
947 3877 1131 3966 ingreditur
1140 3901 1248 3966 genus
1258 3869 1363 3960 regale

167 3993 268 4062 aqua
280 3977 511 4046 declinationes
522 3979 663 4046 lubricae
678 3983 757 4046 sunt
774 3982 809 4046 et
828 3981 1033 4069 praecipites.
1078 3979 1260 4050 Gnosticus
1273 3977 1364 4044 suno

120 4093 126 4116 ⁸
166 4078 201 4144 in
215 4079 308 4145 vinea
323 4080 456 4148 Domini
471 4085 640 4170 operatur,
661 4081 824 4170 plantans,
845 4085 977 4170 putans,
996 4083 1151 4169 irrigans,
1171 4105 1248 4153 vere
1261 4095 1363 4148 eorum,

167 4179 224 4267 qui
249 4185 326 4248 sunt
352 4183 493 4272 plantati
515 4184 550 4250 in
573 4172 652 4262 fide,
681 4183 810 4252 divinus
830 4184 984 4272 agricola,
1014 4185 1174 4274 duplicem
1196 4178 1364 4252 ‘mercedem

167 4285 360 4372 accepturus
374 4289 445 4352 tum
460 4285 502 4352 ob
516 4307 565 4366 ea,
582 4308 664 4372 quae
678 4286 840 4354 non'fecit
850 4286 973 4375 (mma),
993 4289 1065 4356 tum
1078 4289 1120 4356 ob
1135 4311 1184 4368 ea,
1205 4307 1285 4378 quae
1299 4277 1364 4346 {wli

167 4384 258 4454 bene.
301 4386 499 4453 Huiusmodi
517 4387 703 4475 gnosticas,
719 4388 784 4458 nisi
798 4388 879 4456 deus
898 4389 1083 4477 permiserit
1101 4390 1144 4456 ad
1161 4387 1363 4478 proximorum

167 4486 237 4554 eius
251 4489 440 4572 utilitatem,
460 4490 620 4560 anemine
635 4491 792 4558 tentatur.
836 4489 1015 4580 Propterea
1028 4492 1114 4558 enim
1128 4491 1272 4582 prolecto
1284 4487 1362 4571 Apo·

169 4588 260 4671 stoli,
276 4591 317 4658 ad
331 4590 566 4664 confirmandas
584 4597 620 4664 et
638 4593 849 4664 stabiliendas
863 4594 1031 4677 ecclesias,
1045 4593 1238 4691 martyrium
1252 4587 1362 4694 podet·
