2820 5052
724 299 787 366 216

147 491 242 559 festis
257 488 523 579 acpraestitutis,
536 485 662 574 sedper
672 485 777 552 totam
787 485 889 553 vitam
901 484 1070 574 gnosticos
1081 482 1256 561 omnilocc,
1266 481 1354 548 etiam

149 595 178 662 si
194 593 239 660 sit
254 593 342 660 solus
359 615 479 669 secum,
495 591 535 656 ut
550 588 578 654 si
594 609 703 656 secum
717 586 868 658 habuerit
881 589 1025 656 eiusdem
1038 587 1113 654 fidei
1128 586 1223 663 alios,
1239 584 1353 672 gratiis,

90 735 92 741 ·
148 695 234 785 quod
260 699 368 762 rectae
394 693 482 760 vitae
507 677 724 777 cossnitionem
749 691 891 768 dederit,
918 689 1070 778 agendis,
1095 689 1192 756 deum
1211 687 1354 758 ,honorat

150 795 278 880 Quodsi
293 795 354 862 viri
374 794 450 862 boni
474 793 708 862 consuetudine
728 795 762 860 et
782 791 1002 860 familiaritate
1022 791 1187 860 reddimur
1207 788 1353 865 meliores,

148 899 308 990 quomodo
322 899 362 974 is,
378 895 434 988 qui
450 915 576 982 semper
590 917 663 961 cum
678 895 738 960 deo
753 897 805 960 est
819 917 972 982 praesens
985 892 1179 980 cognitione,
1196 891 1277 968 vita,
1290 913 1354 977 gra·

148 1002 270 1067 tiarum
286 999 423 1075 actione,
439 1019 504 1064 non
518 996 634 1062 merito
648 1019 684 1063 se
697 995 810 1082 melior
823 1021 927 1086 usque
942 997 1059 1064 evadat
1079 999 1115 1062 et
1128 995 1229 1062 iactis
1243 997 1277 1060 et
1294 1015 1354 1060 ver-

148 1103 255 1182 biset
274 1100 476 1169 actionibus?
498 1097 563 1164 Per
582 1101 687 1164 totam
707 1099 809 1165 vitam
836 1097 921 1164 diem
946 1100 1067 1166 testum
1093 1100 1243 1186 agentes,
1269 1113 1353 1184 quum

148 1204 270 1292 ubique
284 1205 319 1269 et
333 1201 420 1270 omni
434 1224 475 1268 ex
489 1203 583 1289 parte
598 1199 694 1265 deum
709 1200 824 1266 adesse
838 1201 932 1268 nobis
947 1223 1140 1290 persuasum
1157 1200 1215 1278 sit,
1232 1197 1354 1264 laudan·

149 1309 201 1373 tes
217 1306 351 1372 colimus
366 1327 475 1392 agros,
491 1302 684 1390 navigamus
699 1301 837 1389 hymnos
853 1306 1131 1392 auerteratque
1151 1302 1187 1368 in
1203 1299 1290 1368 omni
1303 1297 1354 1363 alio

150 1409 238 1476 vitae
252 1409 407 1475 instituto
421 1431 462 1474 ex
477 1409 547 1472 arte
561 1427 740 1471 versamur.
785 1403 964 1472 Gnosticus
985 1409 1095 1482 nutem
1114 1407 1147 1472 in
1168 1401 1316 1474 omnibus
1329 1403 1354 1464 et

150 1511 351 1600 gravitatem
366 1509 511 1576 ostendit
525 1511 560 1574 et
573 1507 786 1586 hilaritatem
809 1508 899 1574 illam
913 1507 1043 1598 quidem
1061 1509 1104 1574 ad
1119 1507 1217 1576 deum
1239 1527 1273 1572 se
1291 1525 1353 1570 oon·

149 1617 292 1693 vertens,
307 1613 390 1680 hane
404 1635 481 1679 vero
494 1611 580 1678 bona
593 1609 813 1692 considerans,
836 1635 918 1700 quaa
937 1609 1031 1676 nobis
1053 1611 1143 1678 dedit
1163 1610 1246 1676 deus
1266 1604 1353 1672 homi·

150 1716 258 1794 nibus.
301 1715 367 1782 Hie
380 1714 483 1802 igitur
496 1714 591 1780 homo
606 1736 680 1780 vere
695 1715 746 1780 est
759 1711 890 1798 regalis,
911 1712 964 1778 bio
982 1716 1115 1783 sanctus
1136 1713 1190 1780 dci
1210 1708 1353 1778 sacerdos.

65 1827 75 1890 ’,
148 1817 396 1906 Voluptatisvi
397 1817 444 1882 tia
464 1839 506 1884 ne
530 1817 565 1882 in
592 1813 712 1882 somnis
738 1814 867 1904 quidem
892 1815 1049 1882 admittit.
1094 1815 1257 1886 Sensibus
1280 1809 1353 1878 nullo

102 1981 106 1987 .
151 1919 247 1986 modo
261 1917 439 1998 blanditur,
456 1920 513 1986 sed
526 1919 699 2012 honestum
711 1939 818 1984 rerum
833 1918 976 1984 omnium
991 1941 1087 1984 usum
1106 1917 1152 2000 sd
1170 1918 1269 1984 deum
1283 1935 1351 1981 sen-

150 2046 210 2112 per
223 2022 376 2100 referens,
403 2026 438 2088 et
457 2022 521 2088 cibi
540 2026 575 2088 et
588 2043 631 2110 po
633 2023 687 2086 tus
712 2023 747 2086 et
769 2021 932 2088 unctionis
957 2020 1118 2109 primitias
1143 2021 1351 2092 universorum

150 2123 300 2212 largitori
318 2147 391 2191 cum
411 2125 591 2212 gratiarum
606 2123 732 2190 actione
747 2125 842 2190 offert
848 2147 857 2202 ;
880 2125 923 2189 ad
943 2123 1091 2192 convivia
1110 2145 1176 2190 non
1195 2121 1285 2190 venit
1301 2113 1351 2182 nisi

153 2227 314 2294 amicitiae
328 2249 428 2294 causa
441 2227 702 2316 concordiaeque.
749 2226 820 2292 Scit
840 2225 925 2292 eninr
945 2228 1053 2294 omnia
1067 2229 1159 2304 deus,
1174 2248 1239 2292 non
1255 2219 1351 2288 auditu

153 2329 282 2422 quidem
296 2353 389 2408 usus,
410 2330 467 2396 sed
488 2329 558 2396 sine
577 2328 675 2414 ullius
694 2326 808 2396 sensus
829 2351 889 2416 ope
910 2331 1079 2418 cognoscit
1097 2331 1130 2396 vi
1149 2318 1350 2416 inexplicabili

156 2431 252 2498 simul
266 2432 374 2498 omnia
388 2453 461 2497 cum
476 2431 684 2516 cogitatione.
728 2429 854 2512 Quodsi
870 2434 943 2522 quis
958 2455 1070 2512 vocem
1084 2431 1222 2498 inferius
1241 2429 1275 2494 in
1287 2441 1351 2500 ,aere

155 2533 241 2601 volvi
255 2533 345 2600 dicat
357 2555 418 2598 neo
432 2533 599 2620 pervenire
614 2535 656 2598 ad
670 2533 781 2600 deum:
805 2538 841 2599 at
855 2557 930 2602 vero
946 2537 1132 2602 sanctorum
1143 2535 1288 2622 cogitata
1299 2547 1349 2594 non

154 2637 259 2704 solum
274 2659 380 2702 aerem
395 2639 517 2713 secant,
533 2636 591 2702 sed
604 2639 711 2702 totum
725 2635 891 2702 mundum.
921 2637 1042 2706 Statim
1057 2640 1116 2704 aut
1117 2659 1167 2704 em
1183 2638 1233 2704 vis
1248 2631 1348 2702 divina,

154 2739 403 2829 perindeaclux,
410 2741 515 2805 totam
526 2737 683 2834 persprort
694 2761 844 2805 ammam
867 2739 988 2809 Vocem
998 2763 1064 2808 non
1076 2737 1265 2829 exspectat
1257 2759 1284 2802 rs
1294 2753 1350 2822 qul

152 2843 225 2908 dem
228 2839 821 2943 ,quieloctumnovitnondumnatum,
833 2842 867 2906 et
880 2839 1025 2908 futurum
1036 2845 1076 2908 ιιι
1089 2849 1303 2930 praesensco„
1286 2854 1349 2900 ono·
1396 2863 1397 2871 ι

154 2945 226 3012 soit.
242 2927 487 3021 Perictralia,
500 2937 1349 3035 aitSeriptura,sdruteturlucernapotestatifl

79 3053 82 3060 “
217 3046 324 3114 Totus
344 3046 436 3113 audit
421 3049 487 3124 tus,
507 3047 599 3122 totus
618 3043 731 3110 oculus
750 3047 819 3122 est,
839 3048 891 3136 ιιι
889 3045 947 3112 bis
967 3047 1151 3114 nominibus
1171 3053 1257 3124 utar,
1275 3043 1348 3108 dell·

155 3147 374 3232 Quamobrem
389 3148 473 3215 ielsa
487 3151 522 3214 et
534 3147 686 3213 indecora
701 3146 741 3214 de
756 3147 816 3214 deo
830 3149 950 3236 opinio,
965 3173 1062 3240 quam
1075 3151 1167 3218 videt
1188 3151 1277 3224 deus,
1294 3138 1348 3210 cffi-

156 3252 219 3330 oit,
246 3253 300 3318 ut‘
316 3251 532 3318 multorum
565 3248 755 3316 laudatio·
779 3249 880 3316 nihil
911 3251 1083 3318 differat
1104 3276 1124 3318 a
1145 3245 1348 3320 maledicto·

60 3375 65 3395 ⁴
153 3353 271 3422 Preces
286 3353 417 3420 omnino
430 3351 532 3418 animi
544 3351 801 3440 appetitionibus
810 3354 1017 3446 respondent.
1061 3355 1112 3422 Ea
1126 3359 1235 3422 autem
1250 3349 1348 3440 petun-

154 3458 220 3534 tur,
236 3477 318 3542 quac
339 3454 525 3543 cupiuntur.
570 3456 637 3539 Qui
657 3461 766 3524 autem
787 3457 971 3544 cognitione
987 3461 1143 3545 tanquam
1162 3449 1348 3548 possessione

151 3558 292 3645 quadam
305 3557 473 3645 praeditus
488 3561 550 3637 est,
566 3559 651 3646 petit
665 3563 700 3626 et
713 3563 864 3648 precatur
879 3582 953 3626 vere
969 3560 1063 3639 bona,
1084 3561 1143 3627 sed
1164 3559 1251 3649 agit
1266 3551 1348 3622 etiam

153 3683 227 3727 cum
240 3659 360 3748 gratiae,
375 3662 414 3724 ιιι
428 3681 506 3726 mox
515 3683 578 3728 non
591 3661 656 3728 iam
676 3662 796 3730 habeat
816 3662 901 3728 bona
920 3655 1010 3728 velot
1026 3661 1181 3730 adiuncta
1200 3655 1346 3750 quaedam

125 3763 134 3788 '
153 3762 201 3830 sit
214 3760 349 3851 potius
340 3783 411 3848 rpse
426 3761 540 3830 bonus.
584 3765 649 3832 Est
663 3769 772 3833 autem
787 3765 932 3832 extremi.
946 3765 1088 3843 inscitia,
1104 3766 1187 3832 ab
1160 3789 1218 3842 ers,
1234 3757 1284 3848 qui
1296 3771 1346 3822 11⁰ss

153 3868 233 3932 sunt
247 3863 309 3942 dei,
326 3866 437 3952 petere
451 3869 490 3932 ut
504 3889 524 3932 a
537 3866 617 3947 deis,
633 3871 668 3934 et
682 3866 767 3932 mala
781 3866 910 3953 quidem
925 3857 1035 3956 petere'
1056 3854 1150 3954 qusr
1139 3868 1254 3935 bona.
1293 3849 1344 3924 Sed

153 3987 350 4054 quumuuus
364 3965 886 4058 sitdeusbonusabipsopetimus‚
899 3968 1342 4058 urbonaaliaaecipiamm

151 4071 410 4160 permaneant
429 4069 522 4136 nobis
544 4070 617 4140 alia,
666 4071 843 4138 Preeamur
861 4073 971 4152 etiam,
992 4076 1031 4140 ut
1051 4072 1137 4140 mala
1151 4066 1342 4162 depellantur

152 4193 213 4240 nec
226 4193 303 4238 vero
320 4169 355 4237 in
375 4170 509 4239 aliorum
529 4171 693 4240 bominum
714 4175 1129 4254 damnum‚n1s11ust1trse
1149 4195 1255 4242 cansa
1291 4159 1342 4228 Εῦι

141 4279 283 4353 autem,
298 4276 338 4340 ut
360 4273 515 4342 audacius
536 4275 657 4354 dicam,
683 4279 826 4364 precatio
854 4279 1125 4350 collocutionum
1150 4278 1219 4344 deo.
1264 4259 1341 4336 Ῑιῑΰθι
1396 4345 1397 4380 ,

151 4377 256 4466 igitur
270 4365 439 4464 loqdamur
452 4379 564 4457 tacite,
581 4377 758 4446 clamamus
773 4381 875 4446 intus.
901 4380 1090 4463 Quamlibet
1105 4381 1190 4446 enim
1204 4377 1338 4446 internam

153 4477 399 4548 collocutionem
415 4478 494 4546 deus
509 4480 643 4546 exaudit
628 4484 778 4570 ttperpe
779 4505 830 4549 uo.
873 4483 962 4552 Hinc
983 4485 1017 4548 et
1034 4485 1134 4570 caput
1148 4487 1182 4550 et
1195 4491 1296 4548 manus
1312 4482 1338 4528 1ss

153 4581 278 4655 coelum
292 4581 455 4673 pedesque
469 4582 674 4652 excitamus
664 4606 698 4650 ιιι
709 4581 825 4652 ultima
835 4585 1030 4675 precationis
1042 4585 1271 4658 acclamationes
1285 4586 1336 4657 ιιι·

1365 4784 1397 5004 l
