2820 5052
657 327 721 394 173
773 387 774 394 ,

10 499 11 508 ’
79 499 284 595 screatione}
307 511 340 577 in
360 509 421 578 boc
434 515 472 579 et
483 512 596 602 Logos
608 511 721 580 floruit
738 515 774 580 et
786 513 929 579 inactum
943 511 1021 578 tulit
1033 532 1110 578 carc
1124 509 1242 588 factus,
1258 513 1293 578 et

77 633 135 688 eos,
158 611 227 698 qni
249 611 547 702 benignitatem
569 615 653 682 eius
675 619 909 704 gustarunt,
938 613 1125 692 vivificavit,
1140 613 1291 700 quoniam

77 731 171 800 neque
188 715 261 782 sine
278 715 367 804 ligno
382 718 474 784 venit
491 715 588 782 nobis
599 715 633 783 in
659 718 887 804 cognitionem.
909 757 912 764 ‹
933 716 1102 806 Suspensa
1126 718 1179 782 est
1205 716 1290 782 enim

77 817 136 883 rita
149 820 268 884 nostra
280 819 322 886 ad
331 818 431 886 'fidem
446 823 603 886 nostram.
640 821 719 886 Vita
733 823 842 886 autem
857 823 892 886 et
910 843 997 886 mors
1012 819 1198 908 propositae
1214 820 1293 884 sunt

77 919 206 986 delectui
236 924 392 992 nostro..
421 919 488 988 Sed
517 919 710 987 Abrabam
744 943 858 1008 quum
881 921 1061 988 venisset
1088 920 1290 998 inlocum,

80 1009 309 1108 quemdixit
333 1022 365 1088 ei
392 1021 510 1100 deus3
533 1023 656 1089 tertio
684 1023 747 1090 die
776 1023 997 1112 suspiciens
1028 1023 1134 1090 videt
1165 1023 1290 1090 locum

79 1119 229 1190 eminus.
278 1121 362 1190 Nam
377 1123 501 1212 primus
525 1125 653 1213 quidem
668 1125 746 1191 dies
769 1128 836 1202 est,
867 1125 922 1212 qui
944 1125 984 1190 iit
1005 1126 1163 1214 adspectu
1184 1147 1292 1190 rerum

76 1225 293 1318 pulchrarum
317 1225 477 1292 secundus
500 1229 552 1292 est
566 1217 708 1314 optimae
721 1227 848 1293 animae
863 1227 1073 1307 desiderium
1096 1227 1194 1294 tertio
1215 1249 1292 1294 vera

76 1349 155 1394 nens
169 1329 334 1419 perspicit
350 1329 520 1417 spiritalia,
536 1330 659 1416 apertis
675 1330 776 1396 oculis
793 1330 894 1396 eiusa
905 1331 1047 1408 doctore,
1063 1329 1118 1415 qui
1130 1329 1291 1399 distortio

75 1432 257 1498 resurrexit.
304 1431 466 1497 liminus
481 1435 589 1498 autem
606 1433 715 1499 videt
736 1432 873 1512 locum,
897 1432 973 1519 quia
988 1431 1138 1519 deiregio
1150 1430 1290 1496 difficilis

76 1535 120 1601 est
132 1536 245 1622 captu,
264 1555 362 1623 quam
376 1532 474 1599 Plato
489 1525 628 1622 quidem,
644 1541 743 1621 quurir
758 1535 917 1622 aMoysc,
932 1534 1038 1600 locum
1050 1556 1123 1600 eum
1135 1555 1218 1610 csse,
1234 1533 1289 1621 qui

75 1635 172 1702 omnia
183 1635 386 1702 etuniversa
397 1636 585 1714 contineret,
603 1637 791 1726 accepisset,
807 1636 984 1726 appellavit
998 1635 1169 1704 idearum
1185 1634 1291 1721 regi·

75 1740 181 1806 on'em.
229 1739 322 1803 Hinc
345 1737 542 1826 Apostolus:
581 1740 784 1819 Videmus,
820 1739 938 1830 inquit,
975 1762 1075 1807 nunc
1103 1741 1291 1825 tanquam
1362 1741 1369 1752 '

74 1857 133 1924 per
154 1839 378 1928 speculum,
413 1839 434 1906 i.
456 1861 484 1904 e.
506 1861 564 1928 per
579 1838 754 1908 solas‘illas
769 1865 870 1930 puras
884 1842 1003 1908 etsine
1018 1861 1151 1929 corpore
1171 1838 1289 1906 mentis

75 1939 315 2026 applicationes.
358 1938 414 2006 Ad
430 1941 525 2006 deum
540 1945 649 2008 autem
664 1943 946 2011 transcendentem
962 1966 1015 2021 ea,
1039 1965 1122 2034 quae
1138 1942 1198 2008 rub
1214 1964 1288 2007 sen-

75 2063 123 2108 sus
137 2044 274 2121 cadunt,
295 2043 462 2132 pervenire
477 2047 607 2112 tandem
619 2069 716 2135 posse
731 2047 827 2125 Plato
841 2047 1037 2113 exsistimat.
1074 2044 1289 2114 Simulacrum

76 2141 119 2208 dei
132 2147 306 2231 gnosticus
322 2146 375 2212 ille
390 2145 526 2233 Moyses
540 2149 616 2214 fecit
630 2170 843 2239 nequaquam,
866 2152 903 2213 ut
918 2149 1013 2239 deum
1028 2169 1132 2236 neque
1147 2146 1209 2213 sub
1230 2146 1325 2212 rad-⁸·

77 2251 214 2331 spectum
239 2243 357 2314 cadere
384 2269 488 2338 neque
507 2251 646 2318 describi
668 2273 764 2340 posse
788 2250 995 2338 significaret·
1040 2247 1189 2332 „Quam
1219 2249 1287 2314 do-

76 2367 160 2416 num
189 2349 466 2425 aedificabitis
489 2352 595 2430 mihi,
623 2353 981 2443 inquitDominus?
1012 2349 1169 2418 Ocelum
1196 2350 1287 2416 mihi

10 2461 12 2470 ’
76 2453 126 2514 est
141 2453 270 2520 sedes.
314 2449 443 2534 Quibus
463 2453 542 2519 item
564 2456 693 2543 egregie
709 2456 888 2522 assentitur
902 2455 1093 2544 Euripidem
1118 2453 1176 2520 sed
1190 2453 1286 2520 Plato

10 2597 11 2602 η
75 2571 190 2642 quoque
206 2559 245 2622 et
259 2553 357 2632 Zeno,
376 2555 504 2622 Stoicae
521 2559 629 2623 sectae
646 2563 768 2637 auctor.
1187 2592 1188 2596 ¹

129 2654 196 2723 Sed
220 2658 303 2724 haec
329 2655 478 2722 similiter
499 2659 583 2724 dixit
604 2661 734 2747 egregie
756 2661 823 2728 veri
846 2659 968 2726 amicus
989 2657 1101 2724 Plato:
1131 2657 1286 2723 Patrem

75 2754 162 2822 enim
184 2762 226 2826 et
249 2759 477 2826 effectorem
506 2760 619 2828 huius
641 2761 816 2828 universi
840 2765 880 2827 ct
900 2761 1078 2826 invenire
1093 2762 1155 2826 est
1176 2759 1287 2824 diffi-

76 2853 154 2941 cile,
180 2864 230 2928 et
266 2877 382 2952 quuno
413 2863 628 2941 inveneris,
665 2863 756 2952 quin
788 2863 889 2951 apud
917 2885 1046 2928 omnes
1074 2861 1286 2950 eloquaris,

10 3017 11 3054 3
75 2954 155 3026 fieri
187 2965 337 3054 nequit.
381 2963 522 3032 Verbis
551 2967 650 3032 enim
677 2963 1050 3052 minimeexplicari
1072 2966 1221 3051 potest,
1244 2966 1288 3028 ut

10 3077 11 3082 ¹
76 3057 165 3130 aliae
201 3067 455 3154 disciplinae.
505 3066 788 3154 Sapientissimum
818 3065 946 3155 quidem
977 3065 1143 3153 Moysem,
1174 3067 1287 3130 sancta

76 3167 340 3257 conumpracionc
361 3172 503 3235 montem
525 3169 769 3247 ascendentem,
800 3169 841 3234 ad
866 3168 1034 3254 fastigium
1056 3189 1181 3246 eorum,
1205 3187 1287 3258 quae

76 3271 175 3334 mente
187 3271 423 3360 percipiuntur,
439 3271 621 3336 necessario
635 3271 850 3360 prohibuisse,
864 3291 905 3336 ne
919 3271 1010 3336 totus
1025 3267 1164 3360 populus
1177 3291 1286 3336 secum

77 3372 267 3452 ascenderet,
296 3376 385 3439 recte
406 3372 562 3438 audierat.
613 3371 672 3440 Sin
697 3375 777 3440 deus
798 3373 837 3439 in
864 3372 1035 3460 caligine
1057 3395 1129 3439 esse
1156 3372 1285 3452 dicitur,

76 3459 147 3536 hacc
157 3459 354 3562 caligo'nibil
366 3473 527 3555 estaliud,
543 3474 606 3540 nisi
617 3476 834 3544 multitudinis
849 3475 1059 3556 incredulitas
1070 3479 1104 3542 et
1113 3460 1285 3562 ignoratis,

10 3601 11 3658 j
78 3587 151 3654 quae
176 3577 327 3646 venum
355 3575 517 3665 splendori
538 3577 647 3644 officit.
697 3577 761 3645 His
783 3600 897 3646 rursus
920 3577 1072 3667 Orpheus
1097 3579 1285 3644 assentitur.

78 3663 179 3742 Testis
199 3681 253 3746 est
272 3679 370 3770 etiam
391 3679 588 3766 Apostolus,
621 3657 692 3772 qui:
717 3681 848 3760 Novi,
869 3679 991 3770 inquit,
1024 3681 1215 3747 hominem
1246 3679 1286 3745 in

79 3765 231 3849 Christo
252 3783 408 3870 raptum
434 3787 557 3872 usque
584 3785 631 3851 ad
658 3783 818 3852 tertium
854 3783 1001 3851 coelum
1034 3785 1074 3849 et
1105 3775 1217 3854 illinc
1245 3782 1284 3848 in

10 3895 11 3944 5
79 3865 314 3964 Paradisum,
335 3883 403 3975 ¹qui
424 3883 577 3950 audivit
598 3881 883 3965 verba'arcana,
906 3906 1089 3974 qnaenon
1103 3883 1200 3950 licet
1214 3883 1285 3950 ho·

80 3975 164 4046 mini
188 3983 311 4078 loqni;
348 3985 412 4064 ita,
441 3985 537 4051 deum
557 3987 667 4054 verbis
684 4008 749 4054 non
768 4009 865 4077 posse
886 3987 1055 4076 explicari,
1080 3985 1285 4072 significans:

81 4095 138 4146 ¹¹0ss
154 4089 424 4180 propterLegem
444 4089 479 4154 ct
503 4090 625 4154 metum
643 4088 739 4156 illud:
776 4089 987 4168 nonlicet,
1024 4087 1194 4170 adiiciens,
1225 4089 1283 4156 sed

83 4189 186 4264 'tntis
205 4195 371 4280 potestate
399 4191 494 4256 deum
521 4189 629 4256 verbis
645 4192 789 4260 nunciari
810 4214 875 4258 non
896 4214 994 4280 posse
1014 4191 1172 4260 indicans.
1217 4193 1283 4260 Sed

82 4283 191 4356 multos
209 4295 314 4361 coelos
335 4291 433 4360 Plato
445 4315 573 4383 quoque
594 4315 768 4380 agnoscere
790 4295 934 4372 videtur,
963 4296 1050 4360 certe
1072 4295 1226 4361 mundum
1249 4297 1283 4362 et

85 4385 210 4474 coelum3
232 4395 353 4462 multos
367 4399 477 4462 autem
489 4397 628 4464 mundos
642 4397 860 4465 Romanorum
874 4390 1014 4485 epistola
1028 4397 1070 4462 ad
1085 4393 1282 4474 Corinthios,

85 4480 144 4554 Sed
161 4494 198 4564 de
212 4494 351 4586 mystica
362 4497 537 4566 traditione
550 4519 616 4574 nou
631 4501 734 4568 solum
747 4498 901 4588 Apostoli
920 4501 954 4565 et
968 4498 1150 4589 Prophetae
1169 4503 1283 4588 agunt,

86 4597 184 4667 Ver‘um
197 4603 295 4698 etiam
305 4601 466 4672 Dominus
477 4605 604 4694 aperte:
630 4603 768 4685 Vobis,
790 4602 909 4694 inquit,
928 4601 1062 4671 datum
1083 4605 1146 4686 est
1165 4625 1281 4672 nosse
