2972 5048
193 506 278 574 rium
293 505 423 598 quidem
436 501 707 573 obtusissimis
727 505 823 576 effert
841 503 1003 574 laudibus.
1045 501 1148 584 „Noa
1160 503 1292 595 iaqrdt,
1320 523 1416 572 con-

195 608 493 678 summationem
514 627 667 674 vocamus
682 608 884 695 martyrium,
901 629 966 676 non
977 607 1065 698 quod
1077 607 1162 677 vitae
1177 605 1299 674 finem
1317 603 1417 672 bomo

194 710 367 800 acceperit,
378 713 417 778 ut
428 710 527 781 ceteri
539 708 646 778 solent
655 709 826 799 loqui,sed
836 708 923 800 quod
934 709 1111 797 perlectum
1124 710 1417 798 (consummatum)

194 812 473 902 opuscste'nderit
497 811 717 902 caritatis‘ss).
761 810 872 894 Quare
890 809 1056 900 vituperat
1073 811 1162 890 illos,
1185 811 1241 900 qui
1260 833 1360 902 quum
1379 811 1418 878 ln

194 916 264 982 sola
279 915 347 982 veri
358 915 424 984 Dei
439 914 622 1003 cognitione
637 911 989 1001 ponant'martyrium,
1011 935 1101 992 eum,
1125 914 1181 1004 qui
1204 935 1263 1001 per
1276 911 1418 992 mortem
1476 903 1477 908 ἵ

170 1005 174 1016 ’
193 1016 303 1084 Deum
317 1017 484 1086 confessus
499 1016 607 1094 fuerit,
630 1037 665 1082 se
675 1015 785 1104 ipsum
798 1014 955 1082 occidisse
967 1017 1174 1084 contendant
1190 1015 1243 1082 .In
1256 1016 1418 1085 eiusmodi

194 1118 393 1208 sophismate
407 1118 486 1184 nibil
497 1118 601 1206 magis
613 1139 769 1206 apparere
781 1138 878 1204 quam
890 1115 1110 1186 timiditatem.
1139 1115 1416 1195 Necverom'inns

194 1221 329 1290 aliorum
345 1219 499 1308 reprobet
512 1219 705 1310 opinionem,
718 1219 773 1308 qui
787 1221 921 1306 propter
935 1219 1043 1293 odium
1056 1219 1092 1286 in
1105 1216 1304 1298 Creatorem,
1316 1240 1416 1308 quem
1476 1279 1477 1298 ,

192 1323 313 1392 malum
340 1321 496 1400 habeant,
534 1323 574 1390 de
605 1319 768 1390 industria
800 1321 1016 1410 quaerendam
1044 1341 1116 1388 esse
1144 1325 1282 1389 mortem
1310 1321 1417 1390 velint

194 1446 384 1514 summoque
399 1424 508 1492 studio
533 1423 598 1512 ipsi
611 1446 646 1490 se
664 1423 793 1490 tradere
813 1427 981 1492 conentur.
1024 1423 1097 1492 Hos
1117 1429 1226 1493 autem
1251 1445 1354 1498 vanae
1377 1445 1416 1492 se

190 1529 281 1616 ipsos
295 1525 424 1594 trader'e
437 1525 534 1594 morti
548 1525 636 1592 baud
650 1524 745 1593 aliter
758 1527 858 1614 alque
872 1524 1026 1594 Indorum
1034 1523 1343 1614 Gymnosophistas,
1355 1527 1414 1615 qni

191 1631 312 1696 temere
328 1651 363 1696 se
377 1627 552 1694 coniiciant
565 1627 600 1694 in
614 1627 769 1714 ignem2).
812 1624 956 1694 Causam
969 1647 1056 1706 vero,
1073 1650 1130 1696 cur
1143 1628 1223 1696 baec
1242 1628 1412 1701 temeritas
1451 1671 1477 1694 ψ

189 1730 364 1798 reiicienda
380 1728 434 1808 sit,
457 1728 595 1796 dilucide
611 1729 753 1818 explicat
770 1729 805 1794 in
824 1728 945 1798 Strom.
972 1730 995 1800 1.
1018 1729 1095 1796 VIL
1140 1729 1276 1810 „Nemm
1291 1731 1410 1822 inquit,

72 1859 78 1866 ·
152 1893 154 1898 .
189 1836 320 1922 praeter
334 1831 493 1898 rationem
505 1828 857 1910 fortisesthosticus,
870 1832 1022 1922 quoniam
1034 1831 1187 1918 (siesset)
1199 1855 1317 1920 pueros
1329 1857 1410 1924 qno·

190 1958 254 2028 que
264 1933 384 2002 dixeris
400 1934 512 2012 fortes,
528 1933 583 2024 qui
591 1933 869 2002 formidolosorum
879 1933 1065 2022 ignorantia
1073 1934 1237 2002 sustinent
1247 1936 1406 2014 timendar

189 2035 308 2126 ignem,
324 2059 352 2102 e.
368 2058 408 2116 a,
430 2036 478 2102 ita
494 2041 644 2124 tangunt.
675 2035 764 2120 Quin
781 2037 880 2104 etiam
894 2033 981 2103 ieras
996 2035 1132 2104 rationis
1147 2040 1310 2127 expertes,
1325 2059 1408 2124 quae

188 2138 223 2206 in
233 2137 346 2208 hastas
361 2139 531 2206 incurrunt
544 2140 656 2218 fortes,
679 2139 802 2206 virtute
817 2139 928 2207 dicant
938 2138 1114 2226 praeditas.
1219 2138 1408 2222 Quiritem

188 2264 300 2308 revera
326 2240 421 2308 fortis
446 2244 513 2320 est,
538 2265 637 2332 quum
662 2241 881 2308 multitudinis
902 2240 1118 2310 aemulatione
1143 2241 1408 2318 inmanifestum

188 2344 367 2434 periculum
380 2344 425 2410 sit
444 2343 623 2426 adductus,
647 2343 805 2434 quidquid
825 2343 981 2424 occumit,
1003 2343 1102 2410 alacri
1116 2343 1229 2413 ‘animo
1251 2344 1408 2434 suscipit3
1440 2417 1443 2430 .

188 2447 300 2538 itaque
319 2446 361 2513 ab
376 2445 464 2530 aliis,
488 2446 543 2536 qui
570 2450 729 2532 martyres
762 2445 929 2526 dicuntur,
958 2446 1119 2514 discretus
1142 2451 1204 2514 est.
1233 2447 1294 2512 ·Hi
1322 2447 1408 2514 enim

176 2551 253 2641 sibi
287 2549 351 2638 ipsi
380 2548 565 2615 occasiones
592 2549 785 2636 praebentes
807 2571 842 2614 se
867 2549 901 2614 in
927 2548 1000 2638 ipsa
1016 2547 1161 2637 pericula
1188 2548 1408 2638 praecipitant
1475 2619 1476 2634 χ

189 2651 298 2719 nescio
313 2649 472 2742 quomodo
494 2651 539 2736 (si
553 2649 704 2740 loqui'sic
719 2651 769 2716 fas
786 2653 868 2733 est);
890 2652 928 2718 at
948 2649 996 2715 illi
1017 2671 1094 2716 vero
1115 2651 1188 2740 (qui
1205 2653 1282 2718 sunt
1295 2673 1409 2718 revera
1475 2651 1476 2732 l

189 2754 315 2838 fortes),
338 2759 440 2842 primo
454 2753 573 2822 rationi
587 2753 814 2820 convenienter
828 2775 865 2820 se
874 2751 1041 2851 occultant
1046 2776 1055 2830 3
1079 2753 1194 2822 deinde
1209 2755 1319 2820 autern
1333 2753 1409 2820 Deo
1475 2821 1476 2832 ,

8 2933 10 2956 Ι
189 2879 305 2944 reapse
324 2859 461 2924 vocante
477 2858 629 2944 prompto
646 2854 756 2932 animo
782 2877 818 2922 se
837 2853 1005 2920 tradentes
1024 2855 1239 2948 vocationem,
1262 2876 1302 2921 eo
1321 2855 1409 2944 quod
1475 2849 1476 2906 i

77 2967 79 2976 '
189 2959 269 3026 nihil
283 2962 436 3026 temeres
451 2979 486 3024 se
502 2956 624 3024 factum
636 2979 709 3024 esse
719 2957 841 3024 conscii
855 2959 944 3036 sunt,
967 2955 1173 3036 confirmant,
1195 2961 1231 3026 et
1245 2957 1305 3024 viri
1319 2955 1408 3024 illius

189 3063 224 3130 in
238 3086 315 3134 vera
329 3083 367 3130 ao
380 3061 500 3132 rationi
515 3062 733 3128 consentanea
746 3059 937 3126 fortitudine
951 3058 1110 3148 probandi
1123 3059 1298 3154 imaginem
1311 3081 1407 3149 prae·
1475 3079 1476 3114 l

188 3165 336 3248 benuo.
382 3161 532 3232 Clemens
547 3162 650 3249 igitur
664 3185 694 3228 a.
710 3164 773 3231 203
783 3161 917 3228 ineunte
930 3161 1035 3251 primo
1048 3160 1166 3229 rationi
1182 3161 1410 3232 convenienter

137 3335 141 3343 ,
189 3266 367 3356 periculum
380 3265 555 3335 declinavit
571 3263 637 3330 Dei
651 3263 852 3330 vocationem
872 3266 1131 3352 exspectaturus.
1174 3264 1256 3330 Tam
1277 3265 1411 3330 temeri-
1475 3297 1476 3306 ν

189 3373 292 3447 tatem
312 3367 478 3455 despexit,
502 3389 599 3456 quam
618 3364 837 3432 timiditatem.
882 3365 1082 3432 Alexandria
1097 3368 1206 3432 autem
1221 3365 1256 3432 in
1277 3363 1411 3456 Cappa-

121 3519 124 3526 ·
190 3470 315 3538 dociam
344 3468 464 3536 abiisse
484 3469 630 3551 videtur,
652 3467 708 3534 ubi
732 3467 933 3547 Alexander,
962 3468 1017 3558 qui
1038 3488 1110 3534 eum
1137 3467 1300 3546 andierat,
1329 3471 1412 3534 tunc

190 3573 362 3662 episcopus
383 3574 482 3638 orat..
508 3569 574 3636 Hic
594 3571 680 3638 enim
700 3574 736 3638 e't
755 3569 917 3658 Origenes
937 3569 1023 3650 inter
1044 3567 1223 3637 Clementis
1244 3567 1412 3636 auditores

189 3673 395 3753 excedente.
441 3670 540 3740 Certe
556 3696 585 3740 o.
606 3675 717 3758 211⁵),
740 3695 839 3760 quum
855 3672 1041 3739 Alexander
1050 3695 1109 3762 per
1125 3695 1198 3739 eum
1208 3671 1410 3738 Antiochen-

191 3776 282 3844 sibus
308 3776 359 3842 ds:
374 3796 459 3845 novo
479 3773 648 3862 episcopo,
678 3773 888 3864 Asclepiade,
911 3774 1098 3863 gratulandi
1118 3796 1219 3844 eausa
1237 3771 1412 3862 epistolam

190 3877 353 3955 mitteret,
369 3876 434 3942 iam
449 3876 507 3944 diu
519 3877 554 3943 in
566 3874 775 3966 Cappadocia
786 3880 1001 3946 commoratus
1016 3875 1131 3944 fuerat
1174 3875 1280 3944 Namr'
1295 3875 1409 3956 „Misi

247 4167 270 4237 ¹)
288 4167 381 4218 Strcm.
395 4165 442 4217 1v.
454 4183 482 4232 p.
495 4167 580 4222 570st
593 4185 661 4236 sqq.:
678 4160 781 4224 Ariciae
792 4165 929 4222 τελείωσιν
940 4159 971 4220 τὸ
983 4155 1136 4235 μαρτύριον
1148 4153 1293 4236 sutoribus,
1305 4159 1356 4236 οὐχ
1367 4160 1409 4220 ὅτι

191 4253 266 4316 τέλος
277 4250 331 4305 rori
342 4249 407 4320 βίον
419 4241 434 4302 ὁ
448 4241 602 4320 ἅνθρωπος
614 4249 716 4323 ἔλαβεν,
734 4246 788 4330 oill’
807 4245 850 4308 ὅτι
861 4250 964 4308 τέλειον
976 4249 1057 4322 ἔργον
1069 4244 1177 4320 ἀγάπης
1189 4247 1350 4322 ἐνεδείξατο.
1474 4279 1475 4318 3

246 4341 273 4403 ν)
292 4337 355 4390 luis.
373 4350 398 4400 p.
411 4335 473 4392 oti.
1474 4321 1475 4348 ¹

247 4425 276 4490 3)
294 4440 318 4490 p.
331 4420 390 4478 su.

93 4539 104 4556 .
234 4494 272 4576 ἶ)
290 4509 383 4564 Euseb.
396 4507 422 4562 b.
434 4521 457 4560 e.
469 4504 515 4560 Vl.
533 4507 572 4562 14.

206 4585 210 4590 ’
247 4592 273 4662 ⁸)
289 4594 381 4650 Euseb.
394 4592 489 4646 Chron.
