2820 5052
588 309 797 414 m

83 499 232 568 omnibus
254 499 453 580 hominibus,
470 497 527 566 sed
547 496 602 567 dii
616 497 734 585 chon
751 496 856 566 secuti
872 495 1113 586 persuasionem
1124 493 1305 574 invenem,

76 602 133 668 alii
144 601 374 692 voluptatibus
385 601 488 670 dediti
497 601 690 691 scripturam
702 601 858 690 torquent
868 599 910 666 ad
922 621 999 666 suae
1011 597 1306 688 cupiditates-*Est

81 707 190 772 summ
198 705 357 772 cantatis
373 703 495 770 emanti
510 726 591 793 opus
606 703 705 771 animi
719 701 851 780 robore;
866 701 980 770 deiude
995 707 1034 768 ut
1044 701 1192 769 veritatis
1206 723 1305 786 regu·

80 807 139 873 tam
154 807 199 874 ab
215 807 293 895 ipsa
307 807 446 896 accipiat
460 806 608 877 veritate.
639 805 706 888 Qui
721 803 1144 888 adversuaecotesiasticam
1154 803 1304 872 calcitra-

80 909 160 975 rerit
172 910 389 976 traditionem
404 913 439 975 et
452 911 487 974 ia
501 907 713 974 humanarum
732 907 901 974 desiluerit
919 906 1102 975 haeresium
1121 906 1303 996 opiniones:
1366 978 1372 986 ¹

78 1011 104 1077 is
118 1011 186 1076 iam
198 1012 308 1078 desiit
321 1035 395 1079 esee
410 1012 504 1078 bomo
518 1012 577 1078 dei
585 1015 625 1078 et
639 1009 781 1076 Domino
798 1008 914 1074 fidelis.
957 1007 1120 1076 Reversus
1138 1011 1250 1076 autem
1264 1031 1306 1094 ex

78 1113 135 1181 hoc
149 1135 265 1180 errore
279 1117 323 1180 ›et
337 1113 468 1182 ueritati
487 1137 601 1181 rursus
618 1113 761 1180 traditus
777 1111 817 1178 fit
836 1111 915 1178 deus
932 1112 1166 1197 quodammodo
1187 1135 1228 1180 ex
1246 1111 1305 1181 ho·

78 1215 170 1284 mise.
219 1216 424 1306 Principium
436 1215 521 1283 euim
542 1214 708 1282 doctrinae
726 1213 882 1282 habemus
902 1211 1096 1293 Dominum,
1118 1214 1173 1302 qui
1193 1217 1229 1280 et
1246 1236 1305 1304 per

78 1316 268 1406 Prophetas
293 1321 329 1385 et
357 1341 415 1408 per
444 1317 659 1405 Evangelinm
688 1321 723 1384 et
746 1339 805 1405 per
829 1314 1008 1404 Apostolos
1040 1317 1305 1386 multifariam

78 1419 304 1507 mnitisqne
319 1421 443 1488 modis
459 1445 479 1488 a
492 1419 652 1508 principio
665 1418 862 1506 'cognitionis
878 1417 1009 1484 deducit
1023 1419 1065 1486 ad
1078 1418 1186 1488 finem.
1207 1419 1303 1488 Priu-

78 1521 196 1610 cipium
210 1526 341 1601 autem,
364 1523 392 1588 si
405 1522 467 1590 hoc
480 1521 554 1608 quis
569 1521 632 1588 alio
646 1545 761 1604 rursus
776 1543 871 1608 egere
885 1520 1131 1600 existimaverit,
1151 1543 1305 1590 serenan
1397 1539 1401 1547 “

78 1627 212 1712 poterit.
226 1647 360 1692 manere
386 1623 589 1712 principium.
632 1624 700 1690 Sed
721 1627 835 1690 estex
860 1623 967 1712 seipso
986 1623 1049 1690 fide
1069 1623 1203 1710 dignum
1226 1645 1305 1710 ergo

79 1727 174 1794 etiam
200 1727 469 1816 scripturarius.
514 1725 685 1814 Scriptura
696 1727 800 1814 igitur
824 1727 896 1816 ipsa
922 1713 1077 1812 tanquam
1103 1728 1243 1813 κριτερίῳ
1262 1725 1305 1794 ad

78 1851 125 1896 res
145 1831 366 1900 inveniendos
385 1830 517 1896 utimur.
563 1827 733 1915 Quidquid
751 1833 861 1897 autem
879 1826 1057 1905 iudicatur,
1080 1850 1146 1896 nou
1161 1827 1304 1894 creditur

78 1932 273 2022 priusquam
293 1933 393 2000 fuerit
411 1932 607 2008 iudicatumr
628 1934 829 2019 quapropter
847 1953 888 1998 ne
907 1931 942 1996 id
961 1931 1091 2020 quidem
1111 1933 1164 1998 est
1182 1930 1303 2019 princi·
1344 1932 1348 1943 ”

78 2034 180 2120 pium,
204 2036 262 2102 cui
282 2057 364 2123 opus
385 2037 438 2116 est
456 2033 584 2100 indicio.
628 2032 828 2120 Principium
846 2033 949 2120 igitur
968 2033 1145 2102 habeamus
1161 2035 1318 2122 oportet.

79 2138 162 2222 quod
184 2142 243 2204 eet
262 2159 361 2226 supra
385 2157 512 2202 omnem
533 2135 851 2202 demonstrationem.
897 2134 994 2218 Quod
1014 2158 1113 2222 quum
1132 2135 1195 2202 fide
1214 2157 1302 2204 com·

78 2239 356 2324 prehenderimus,
372 2237 501 2306 abunde
511 2239 613 2304 etiam
626 2237 667 2304 ab
681 2237 754 2326 ipso
769 2236 928 2326 principio
943 2238 983 2304 de
997 2237 1155 2326 principio
1170 2238 1301 2306 demon-

80 2341 259 2408 strationes
273 2343 450 2417 ementes,
460 2361 555 2407 voce
566 2339 700 2408 Domini
707 2340 871 2408 erudimur
881 2339 922 2406 ad
935 2341 1083 2408 veritatis
1095 2339 1303 2428 agnitionem.

79 2439 262 2510 Hominum
277 2442 410 2532 quidem
429 2443 652 2510 testimonium
666 2441 859 2532 probatione
873 2445 968 2529 egen
994 2445 1126 2511 atvero
1145 2466 1210 2512 vox
1230 2443 1302 2512 Do-

79 2545 155 2612 mini
170 2546 281 2634 magis
296 2547 348 2612 est
362 2539 426 2610 tide
440 2545 556 2632 cigna,
584 2568 681 2632 quam
703 2545 836 2636 quaevis
851 2545 1101 2626 demonstratio,
1127 2522 1180 2614 vei
1191 2547 1302 2636 potius

81 2647 146 2712 sota
161 2653 216 2715 est
231 2647 480 2724 demonstratio,
502 2671 567 2734 qua
581 2648 734 2726 scientia,
749 2648 806 2734 qui
821 2650 1038 2740 gustaverunt
1054 2651 1184 2716 tantum
1199 2649 1302 2738 scrip-
1406 2699 1408 2703 -

81 2748 181 2829 turae,
197 2750 312 2818 fideles
329 2753 415 2816 sunt.
447 2749 513 2831 Qui
527 2753 638 2816 autem
652 2749 789 2818 ulterius
801 2751 900 2822 ctiam
912 2755 1151 2838 processerunt,
1167 2753 1303 2840 perfecti

82 2855 157 2918 sunt
177 2853 304 2919 iudices
325 2851 491 2949 vpritatis,
514 2852 671 2939 gnostici,
701 2851 796 2938 quasi
814 2852 847 2918 in
867 2853 937 2920 vita
956 2852 1133 2920 christiana
1152 2853 1303 2922 artifices.

81 2947 198 3040 Itaque
211 2977 274 3022 nos
289 2954 416 3041 qudque
431 2977 471 3020 cx
491 2955 572 3042 ipsis
593 2953 763 3042 scripturis
784 2954 925 3044 deipsis
945 2957 1206 3022 demonstrantes
1227 2978 1301 3044 per·

80 3051 173 3136 fecte,-
184 3081 227 3124 ex
240 3057 305 3122 fide
319 3057 556 3144 *persuademus
578 3054 865 3130 demonstratione.
907 3060 958 3124 At
971 3081 1047 3124 vero
1061 3059 1208 3126 haeritici
1223 3081 1302 3147 quo·

81 3177 140 3241 que
154 3159 215 3238 illi,
230 3161 289 3246 qui
302 3159 384 3226 alios
400 3160 552 3226 seducere
568 3159 719 3236 student,
739 3158 939 3247 propheticis
960 3163 1099 3228 utuntur
1120 3162 1301 3247 scripturis.

82 3255 153 3328 Hoc
163 3285 281 3329 uerum
296 3265 364 3340 cst3
388 3262 446 3328 sed
465 3260 604 3350 primum
620 3260 748 3351 quidem
763 3284 829 3327 non
843 3263 993 3329 omnibus
1011 3267 1164 3344 utuntur,
1186 3258 1302 3334 deinde

73 3381 143 3444 nou
156 3361 311 3452 integris,
325 3387 429 3454 neque
445 3387 504 3452 pro
519 3385 651 3452 corpore
666 3363 862 3452 Prophetiac
878 3369 913 3432 et
927 3369 1099 3445 contextu3
1122 3390 1233 3435 verum
1249 3389 1300 3436 se-

81 3459 219 3550 ligentes
231 3489 280 3544 ea,
296 3490 379 3553 quae
394 3467 482 3532 dicta
498 3468 576 3532 sunt
591 3465 757 3553 ambigue,
779 3458 858 3534 ha'ec
872 3465 1030 3536 adhibent
1048 3469 1091 3536 ad
1110 3472 1301 3542 confirman-

81 3563 137 3632 das
151 3569 301 3658 proprias
316 3569 495 3657 opiniones,
517 3591 639 3657 paucas
655 3569 778 3658 passim
793 3591 889 3637 voces
911 3575 1097 3661 carpentes,
1127 3575 1161 3640 et
1180 3595 1221 3640 ne
1240 3573 1300 3640 hae

82 3667 210 3750 quidem
225 3693 274 3748 ea,
291 3695 355 3758 qua
368 3673 458 3748 sunt,
475 3667 722 3758 significatione,
736 3673 792 3740 sed
804 3673 891 3740 nuda
901 3674 1022 3740 littera.
1049 3673 1180 3741 Veritas
1192 3677 1302 3742 autem
1372 3718 1374 3728 ,

83 3769 354 3855 significationum
369 3773 582 3840 translatione
600 3799 666 3842 non
687 3776 866 3853 iuvenitur,
889 3775 946 3842 sed
965 3775 1222 3844 consideratione
1237 3800 1301 3866 ‘po-

83 3869 158 3952 tins,
181 3875 259 3961 quid
274 3875 436 3954 Domino,
457 3877 535 3962 quid
556 3876 854 3966 deocmnipotenti
872 3877 1057 3956 conveniat,
1087 3880 1123 3944 et
1142 3881 1301 3963 quomodo

83 3968 140 4040 boc
152 3978 394 4044 demonstretur
408 4001 448 4046 ex
463 3980 564 4048 sacris
580 3981 750 4068 scripturis
764 3980 850 4046 inter
865 3999 900 4046 se
911 3979 1049 4046 collatis.
1074 3980 1143 4046 Sed
1155 3980 1213 4046 isti
1227 3982 1300 4068 qai-

47 4129 50 4136 .
84 4073 153 4143 dem
166 4081 283 4147 nolunt
298 4081 443 4146 converti
458 4081 502 4148 ad
515 4083 703 4160 veritatem
717 4082 792 4148 ideo
807 4081 872 4148 vim
887 4083 1030 4150 afferunt
1043 4071 1213 4172 scripturis
1226 4107 1300 4173 pro·

85 4179 155 4262 pter
169 4184 219 4250 sni
234 4183 338 4270 iqreios
354 4204 506 4250 amorem.
552 4180 706 4252 Convioti
718 4183 821 4272 igitur
835 4207 858 4250 a
869 4183 962 4252 nobis
979 4206 1085 4250 coram
1101 4185 1210 4273 vulgo,
1225 4177 1300 4276 per-¹

86 4286 166 4363 gunt
189 4307 224 4352 sa
248 4307 425 4374 opponere,
457 4285 551 4354 modo
575 4308 616 4352 ex
639 4285 842 4374 Propheticis
863 4286 972 4372 aliqua
995 4293 1060 4354 nou
1085 4289 1316 4368 admittendo,
1341 4313 1350 4332 ²

87 4383 175 4450 modo
199 4409 259 4454 nos
280 4387 519 4466 calumniand0,
549 4388 642 4475 quasi
669 4389 769 4456 simus
790 4388 873 4454 alius
899 4392 1034 4456 naturae
1055 4413 1115 4457 nec
1136 4392 1300 4480 pmeimus

86 4478 225 4568 ipsorum
253 4490 384 4578 propria
412 4491 602 4578 intelligere.
656 4490 894 4578 Nonnunquam
922 4496 1045 4582 negant
1070 4495 1187 4572 etiam,
1222 4495 1299 4561 dum

88 4581 333 4672 όοινίωιιηῐω,
361 4595 473 4682 aperte
493 4593 590 4662 fateri
612 4594 839 4664 erubescentes
866 4597 1037 4686 dogmata,
1071 4595 1191 4684 quihus
1217 4597 1298 4666 alias
