2884 5058
642 301 802 420 „nco

127 455 133 480 .

158 519 238 566 neve
262 495 468 566 concordiam
492 495 623 566 habeat,
637 503 710 568 cum
733 499 806 579 illo,
833 499 891 568 sed
916 497 1111 588 spiritalium
1136 497 1382 570 inimicitiarum
1435 571 1436 578 χ

158 622 260 668 causa
280 602 387 668 carnis
408 600 682 670 necessitudinem
706 603 821 670 diluat.
872 599 1085 670 Certantibus
1111 601 1198 668 inter
1223 625 1258 669 se
1286 605 1382 692 patre
1435 605 1436 630 ¹

156 704 287 770 terreno
308 707 342 771 et
369 701 503 770 Christo
529 703 705 771 Servatore
729 708 943 792 regenerante
966 705 1007 772 dc
1032 702 1108 784 lilio,
1134 705 1187 772 hic
1214 705 1381 772 'sermones

156 805 309 896 utrinque
330 807 464 872 audiens
485 827 544 894 pro
565 829 600 872 se
619 806 692 894 ipso
710 793 809 874 iudex
835 811 922 887 esua
945 809 980 879 et
1004 807 1104 876 fratre
1131 811 1281 874 certante
1307 829 1381 874 cum

157 905 304 987 Christo,
321 909 372 975 vel
383 907 459 990 filio,
475 909 527 976 vel
542 931 651 988 uxore,
673 909 725 976 vel
740 911 854 1001 quovis
870 911 947 978 alio:
973 907 1126 978 Christus
1148 909 1260 977 vincat
1279 909 1316 975 in
1336 915 1380 990 te,

156 1011 277 1100 quippe
293 1009 385 1078 cuius
400 1011 508 1098 gratia
522 1011 557 1077 in
572 1035 703 1080 arenam
719 1011 904 1080 descendat.
948 1011 1081 1081 Habeas
1102 1013 1200 1078 stiam
1226 1009 1379 1094 divitias:

155 1111 319 1214 Doqninus
334 1135 399 1180 non
413 1114 547 1182 invidet.
576 1114 640 1187 ,At
655 1109 745 1182 vides
756 1113 885 1181 illarum
906 1117 939 1181 te
959 1115 1044 1182 vinei
1064 1113 1212 1204 libidine:
1235 1113 1379 1192 dimitte,

156 1213 289 1302 proiice,
309 1215 382 1282 odio
396 1214 490 1294 habe,
505 1216 774 1304 renuntia,·fngel
819 1215 872 1282 Et
891 1215 926 1284 si
946 1217 1086 1284 dexter
1101 1215 1241 1284 oculus
1259 1239 1378 1284 sean-

155 1313 317 1382 dalizat
338 1321 393 1397 te,
416 1341 514 1410 quam
529 1320 668 1408 primum
683 1341 774 1386 erue
788 1341 882 1386 enm.
928 1318 1006 1386 Sive
1020 1321 1073 1386 est
1092 1341 1207 1386 manus
1228 1317 1301 1386 sive
1324 1341 1376 1408 pes

84 1413 92 1428 '
156 1418 224 1485 sive
245 1420 368 1500 anima,
392 1417 474 1486 habe
495 1421 584 1488 odiol
609 1419 646 1490 Si
666 1421 751 1488 enim
775 1421 828 1488 hio
854 1417 979 1489 Christi
1006 1443 1106 1489 eausa
1130 1422 1229 1489 etiam
1252 1425 1378 1514 pereat,

153 1521 266 1589 futuro
282 1521 390 1591 seculo
404 1521 586 1592 reviviscet
632 1582 635 1593 ,

217 1623 284 1693 Sed
299 1647 399 1716 quum
413 1623 574 1693 Dominus
592 1647 680 1705 eum,
702 1624 758 1716 qui
772 1621 879 1690 omnia
893 1623 1074 1716 reliquerit,
1102 1623 1293 1720 habiturum
1315 1651 1378 1696 non
1436 1605 1437 1612 ἵ

151 1749 224 1796 esse
237 1727 411 1818 promittat
425 1727 485 1795 hoc
496 1730 640 1820 tempore
652 1750 758 1816 agros,
774 1728 954 1816 pecuniam,
969 1727 1081 1796 domos
1093 1727 1277 1820 fratresque
1293 1753 1378 1798 cum
1436 1733 1437 1746 ¹

150 1829 524 1920 persecutionibus,
547 1831 667 1920 duplex
687 1851 759 1897 esse
774 1832 1034 1920 persecutionum
1049 1853 1153 1919 genus
1167 1831 1377 1924 animadver-

150 1933 286 2000 tendum
302 1937 369 2000 est:
396 1957 498 2000 unum
517 1935 718 2002 extrinsecus
739 1933 866 2001 illatum
887 1933 928 2002 ab
949 1933 1150 2011 hominihus,
1176 1921 1228 2000 vel
1255 1939 1377 2022 agente
1436 1979 1437 1984 κ

149 2039 316 2125 potestate
331 2035 506 2116 diabolica3
527 2038 676 2116 alterurn,
691 2037 789 2127 idque
803 2035 906 2104 multo
917 2037 1060 2123 gravius,
1076 2059 1117 2103 ex
1127 2037 1258 2102 interna
1269 2037 1375 2126 ipsius

149 2137 306 2228 cuiusque
322 2139 430 2206 anima
444 2139 557 2220 oritur,
573 2139 685 2229 impiis
697 2141 875 2230 depravata
890 2139 1059 2206 desideriis
1076 2137 1241 2228 variisque
1257 2139 1376 2230 volup·

148 2239 286 2306 tatibus.
330 2241 378 2309 Et
402 2241 498 2308 huius
526 2243 655 2332 quidem
672 2244 912 2332 persecutiones
938 2235 1066 2330 generis
1093 2229 1220 2336 semper
1239 2242 1375 2321 adsunt,

148 2339 246 2408 vitari
260 2362 325 2409 non
339 2347 478 2432 possunt
491 2343 533 2410 ab
548 2345 606 2423 eis,
623 2345 678 2434 qui
693 2344 778 2412 hunc
788 2345 914 2414 hostem
926 2345 960 2412 in
972 2365 1006 2410 se
1018 2343 1261 2412 circumferunt.
1285 2345 1375 2414 Ten·

109 2456 114 2465 '
147 2444 232 2510 tatio
243 2447 445 2512 extrinsecus
459 2446 588 2512 veniens
598 2445 945 2534 probationemeifieit3
958 2447 1086 2513 interna
1096 2451 1206 2514 autem
1217 2451 1371 2518 mortem.

149 2543 276 2628 Quodsi
291 2569 366 2614 cum
386 2547 543 2615 eiusmodi
559 2548 784 2638 perseeutione
802 2549 931 2618 interna
950 2549 1071 2616 habeas
1091 2547 1223 2616 divitias
1245 2551 1370 2633 carnis,
1437 2528 1438 2594 l

146 2647 277 2727 iratres,
292 2649 357 2716 alia
371 2649 524 2740 pignora:
547 2649 630 2718 hanc
649 2673 776 2718 omnem
796 2651 1036 2742 possessionem
1052 2651 1086 2717 in
1106 2650 1228 2718 malurn
1253 2653 1375 2720 ceden-
1437 2639 1438 2722 l

120 2832 125 2848 Ι
146 2750 214 2818 tem
228 2749 383 2844 relinque,
399 2775 511 2844 pacem
525 2751 587 2820 tibi
607 2751 678 2842 ipse
692 2753 829 2844 praebe,
858 2753 957 2842 longa
976 2753 1112 2820 liberare
1132 2757 1370 2842 persecutione,
1437 2803 1438 2814 κ

146 2854 267 2921 abillis
283 2862 471 2926 convertere
491 2858 534 2924 ad
547 2855 777 2946 Evangelium,
793 2879 871 2947 prae
883 2855 1032 2924 omnibus
1049 2855 1257 2936 Servatorem
1274 2857 1371 2947 elige,

144 2960 222 3027 tuae
234 2951 411 3046 patronum
426 2963 460 3026 et
475 2960 709 3029 consolatorem
724 2962 860 3039 animae,
881 2957 1070 3049 nullumque
1083 2955 1180 3026 finem
1194 2957 1371 3026 habiturae
1437 3033 1438 3042 χ

145 3055 363 3152 praebitorem
388 3063 483 3130 vitae.
542 3061 694 3151 Denique
720 3062 881 3132 Dominus
907 3083 1105 3150 responsum·
1125 3061 1296 3128 concludit
1322 3062 1371 3128 his

145 3163 270 3233 verbis:
293 3163 422 3232 Erunt
444 3165 559 3254 primi
580 3167 805 3246 novissimi,
829 3163 1093 3244 etnovissimi
1108 3162 1235 3252 primi.
1258 3162 1372 3232 Multa

144 3267 277 3356 quidem
289 3266 385 3333 huius
397 3266 458 3333 loci
470 3269 568 3354 egent
578 3267 802 3356 explicatione,
819 3268 876 3336 sed
888 3289 986 3354 quum
998 3289 1062 3334 non
1072 3265 1115 3360 pd
1125 3265 1243 3331 divites
1256 3265 1370 3332 solos

146 3372 284 3460 spectet,
311 3391 495 3436 nuncnova
517 3368 578 3436 hac
598 3355 787 3456 quaestione
808 3367 1018 3460 supersedere
1037 3389 1221 3458 possumus.
1268 3365 1370 3450 Quod

144 3475 255 3540 autem
271 3471 312 3538 ad
327 3471 530 3560 propositum
545 3475 693 3538 nostrum
708 3474 839 3552 attinet,
854 3496 874 3538 a
890 3471 1063 3539 Servatore
1074 3469 1204 3538 minime
1215 3463 1368 3537 exclusos

145 3597 218 3644 esse
233 3573 362 3653 divites,
379 3573 466 3660 quod
480 3571 610 3640 divitias
626 3577 776 3646 externas
792 3574 992 3664 possideant,
1013 3571 1107 3638 modo
1121 3569 1366 3638 mandata'eius

144 3680 247 3749 velint
263 3699 401 3753 servare,
418 3675 675 3744 demonstratum
687 3701 759 3744 esse
775 3678 981 3745 arbitramur.
1025 3671 1116 3739 Inter
1130 3671 1262 3740 divitias
1279 3673 1367 3740 enim

143 3787 258 3852 natum
272 3803 345 3848 esse
360 3783 529 3868 peccatum
544 3802 608 3860 non
624 3784 685 3860 est,
701 3801 805 3868 neque
820 3782 896 3846 ante
910 3777 1006 3844 fidem
1024 3779 1209 3866 susceptam
1229 3775 1364 3846 divitias

143 3883 356 3974 acquisivisse
371 3883 509 3969 aliquem
524 3883 721 3973 parsimonia
736 3886 770 3948 et
784 3884 854 3948 arte
868 3880 1052 3966 honesta1).

206 3989 277 4054 Iam
297 4007 373 4053 vero
388 4007 519 4052 causam
544 3984 739 4052 narrationis
765 3985 805 4051 de
828 3985 944 4051 iuvene
963 3978 1123 4068 locuplete
1148 3979 1364 4068 inquiramus.

142 4089 271 4158 Doceat
290 4088 392 4182 igitur
411 4087 605 4176 locupletes,
634 4085 722 4152 haud
741 4110 813 4156 esse
833 4081 1060 4176 negligendam
1081 4082 1254 4182 salutern,=
1268 4083 1363 4174 quasi

110 4211 119 4239 ¹
142 4194 212 4260 eius
226 4214 300 4282 spes
315 4191 418 4258 omnis
433 4191 497 4256 illis
511 4189 576 4258 iam
589 4190 718 4257 sublata
732 4194 836 4270 esset3
859 4211 919 4258 nec
932 4209 1008 4255 vero
1022 4207 1135 4253 rursus
1150 4207 1228 4275 opes
1243 4189 1362 4278 pelago

141 4294 333 4384 mergendus
347 4297 407 4364 aut
419 4291 648 4384 improbandas
663 4296 818 4385 tanquam
838 4293 925 4362 vitae
938 4287 1130 4360 insidiantes
1145 4288 1360 4382 etvinimieas:

142 4457 345 4468 σ--κ--ψ--οοε

178 4539 206 4607 ¹)
223 4557 248 4608 p.
259 4539 408 4598 tlt-btt-
441 4539 510 4592 Hinc
520 4539 601 4594 sltem
610 4539 669 4594 libri
680 4554 740 4606 pars
751 4535 850 4606 indpit,
866 4548 920 4604 qun
928 4535 1120 4596 unsarans
1131 4481 1245 4604 saluam
1261 4537 1359 4628 utilit!

140 4623 298 4694 describitur,
307 4627 349 4684 rel
358 4627 485 4696 quomodo
495 4640 552 4696 spes
563 4631 699 4704 qugeatur.
