2830 5052
533 319 757 392 0105.

52 506 146 575 etiam
160 506 202 572 in
217 504 381 574 Graecum
396 527 575 576 sermonem
589 529 701 576 versae
712 507 789 600 sint,
801 529 843 576 ne
854 509 931 599 quis
941 507 1268 596 ignorantiaeheheat

53 609 349 692 excusationem1).
562 667 567 676 .

106 713 176 780 Est
189 733 290 801 porro
304 709 495 788 videndum,
520 731 562 778 ne
581 709 660 801 quid
674 734 732 800 pro
752 711 957 801 philosophia
979 711 1155 790 habeatur,
1181 713 1267 802 quod

53 818 100 882 est
110 815 154 882 ab
169 837 213 882 eo
228 838 326 904 quum
340 811 583 882 alienissimum.
627 812 796 882 Eiusmodi
811 818 921 882 autem
941 815 981 882 in·
995 821 1149 904 promptu
1167 815 1266 882 habe-

56 940 119 984 mus
130 921 245 984 artem
261 915 516 1005 Sophistioama
535 913 672 982 Graecis
692 916 888 994 adamatam,
910 939 1008 1006 quam
1029 918 1060 982 ἐν
1080 926 1121 1004 τῇ
1141 921 1268 1004 δυνάμει

61 1019 248 1106 persuasorii
261 1018 419 1107 ponimus
462 1017 556 1084 Haeo
571 1017 700 1108 quidem
715 1017 842 1086 duabus
856 1018 1005 1108 inprimis
1021 1019 1147 1086 artibus
1163 1021 1268 1088 utitur

59 1120 286 1206 adiutrieibus:
309 1122 458 1208 ῥητορικῇ
472 1122 507 1186 et
522 1117 671 1208 ἐρωτική.
716 1119 865 1202 Quarum
878 1125 1017 1212 unaque
1032 1145 1051 1188 a
1065 1121 1269 1210 philosophia

57 1226 229 1312 segregata
239 1222 422 1292 hominibus
438 1222 505 1292 ,erit
524 1221 635 1293 exitio·
679 1217 866 1310 Sophistioa
884 1224 1002 1312 igitur,
1023 1247 1106 1316 quae
1126 1225 1269 1312 philoso-

54 1326 124 1414 phia
136 1349 288 1417 unquam
300 1349 367 1412 uon
382 1327 451 1394 sine
465 1337 585 1412 magno
598 1324 769 1414 diligentia
782 1326 917 1406 invenit,
932 1327 1069 1406 iuratur,
1085 1329 1178 1396 cuius
1193 1329 1268 1396 finis

55 1451 113 1494 non
127 1432 185 1496 est
199 1429 335 1506 veritae,
357 1428 414 1496 sed
432 1428 614 1498 admiratio.
655 1429 706 1494 At
731 1450 809 1515 pero
831 1429 1013 1518 Apostolus
1039 1453 1110 1497 eam
1137 1431 1269 1500 minime

55 1532 244 1611 admiratur,
259 1530 319 1598 sed
332 1529 507 1619 increpitat
521 1533 560 1597 ut
572 1529 652 1608 litis,
667 1529 825 1611 invidiae,
840 1532 1014 1611 maledicti,
1037 1533 1269 1622 suspicionum,

57 1633 332 1706 concertationum
355 1655 498 1703 caueam.
541 1632 643 1700 Nemo
673 1647 751 1721 ergo
776 1633 888 1702 credat
914 1657 1025 1702 eorum
1050 1635 1269 1724 opinionibus,

58 1759 143 1804 nemo
157 1735 354 1829 decipiatur,
369 1758 450 1803 neve
463 1737 530 1803 ulla
544 1737 692 1825 capiatur
712 1737 884 1826 quisquam
904 1737 1073 1804 effectione
1088 1761 1192 1829 quam
1211 1739 1267 1806 ist'

59 1839 267 1923 moverint2).
312 1837 400 1908 Sunt
417 1840 527 1920 etiam,
547 1840 603 1930 qui
623 1839 797 1934 praecipua
816 1842 952 1906 naturae
974 1861 1010 1906 se
1029 1863 1102 1908 esse
1122 1841 1270 1910 bonitate

65 1943 238 2030 opinantes,
253 1940 341 2010 haud
355 1941 404 2009 ita
417 1942 612 2030 dignitatem
629 1963 720 2010 suam
740 1942 883 2008 minuere
902 1941 1016 2020 velint,
1035 1945 1074 2008 ut
1094 1943 1145 2010 nel
1164 1943 1268 2031 philo-

69 2045 202 2134 sophiam
217 2044 397 2136 attiugant,
412 2045 464 2112 vel
479 2045 690 2122 dialecticam,
705 2044 758 2112 vel
767 2045 896 2110 discant
907 2043 1086 2132 physicam,
1101 2045 1157 2112 sed
1168 2045 1269 2111 solam

63 2148 227 2234 postulant
245 2169 285 2214 oc
303 2147 424 2216 nudam
443 2147 554 2226 hdem3
577 2145 709 2236 perinde
729 2144 837 2236 qnasi,
863 2145 953 2213 nulla
978 2146 1055 2212 vitis
1080 2169 1158 2214 eura
1177 2147 1268 2214 adhi-

62 2247 131 2328 bita,
148 2249 266 2316 stetim
280 2247 324 2314 ah
342 2249 437 2320 initio
456 2273 538 2318 uvas
558 2251 715 2340 cuperent
734 2247 888 2336 accipere.
930 2248 980 2316 At
999 2269 1075 2314 vero
1090 2251 1148 2316 1εεῖ
1168 2272 1266 2339 quae-

59 2351 128 2419 dam
149 2351 241 2430 vitis,
263 2373 346 2441 quae
365 2356 418 2420 eet
437 2351 608 2432 Christus,
627 2351 841 2439 agricultura,
862 2371 945 2440 quae
965 2351 1165 2440 experientia
1183 2352 1267 2420 mul·

58 2456 227 2545 torumque
248 2476 356 2520 rerum
375 2455 492 2543 peritia
510 2455 637 2522 nititur.
681 2453 852 2537 Quomodo
871 2454 957 2520 enim
976 2477 1042 2522 non
1062 2454 1108 2522 sit
1126 2477 1270 2535 neeesse,

58 2557 110 2648 qui
124 2557 180 2624 dei
194 2555 334 2624 voluerit
347 2559 526 2648 potentiam
541 2557 720 2635 attendere,
740 2557 770 2624 is
785 2555 948 2636 derebus,
968 2579 1052 2647 quae
1073 2555 1143 2624 solu
1162 2559 1270 2624 mente

57 2659 291 2750 percipiuntur,
305 2660 396 2748 prius
411 2661 666 2750 philosophando
682 2659 842 2726 disserat?
863 2659 977 2731 Nonne
987 2661 1098 2738 etiam,
1113 2659 1270 2727 vocabulo

57 2763 212 2850 ambigua
230 2765 264 2828 et
281 2762 392 2842 dubia,
413 2763 551 2854 quaein
572 2763 607 2830 S.
628 2763 748 2849 Seript.
770 2765 954 2842 occurrunt,
974 2763 1187 2850 distinguere,
1208 2763 1271 2830 erit

56 2865 156 2932 utile?
181 2863 256 2930 Soio
268 2863 398 2954 quidem
412 2866 533 2934 multos
547 2865 649 2932 inisse
663 2867 698 2931 et
717 2861 898 2950 Prophetes
917 2867 952 2930 et
971 2865 1150 2952 Apostolos
1170 2865 1269 2932 nullis
1304 2861 1308 2870 '

57 2967 236 3056 disciplinis
250 2967 447 3048 instructum
470 2968 531 3036 sed
541 2967 657 3056 repleti
671 2971 765 3032 erant
779 2966 812 3032 hi
827 2968 915 3032 certe
929 2967 1058 3054 Spiritu
1072 2967 1120 3045 S,
1134 2967 1168 3032 id
1184 2967 1270 3056 quod

57 3069 241 3136 omnibus
263 3071 394 3139 minime
408 3069 576 3156 contigit.¹
600 3069 701 3136 Nobis
717 3069 803 3136 enim
816 3068 1004 3136 discendum
1020 3071 1082 3146 est,
1104 3069 1190 3159 quod
1203 3069 1268 3136 illis

58 3175 174 3262 sponte
189 3193 226 3240 se
240 3171 370 3242 obtulit.
407 3172 565 3242 dumento
579 3170 709 3260 quidem
723 3173 813 3239 metu
827 3169 1011 3258 impellente
1026 3173 1186 3258 aguntur:
1208 3193 1268 3239 nos

57 3275 142 3344 haud
158 3273 318 3342 similiter.
356 3275 416 3343 Sin
429 3275 529 3346 libere
544 3272 710 3354 iaciamus,
727 3297 809 3365 quae
822 3272 970 3352 fecimus,
986 3273 1076 3362 prius
1093 3295 1268 3361 cognosca-

58 3401 129 3446 mus
144 3379 275 3468 oportet
289 3376 445 3446 facienda.
488 3377 667 3468 Scripturie
683 3400 762 3466 ergo
781 3377 914 3472 agnitis,
936 3377 1037 3444 vitam
1056 3375 1269 3444 instituamus

58 3480 270 3548 obedientem.
318 3479 388 3546 Nec
398 3503 474 3548 vero
484 3481 626 3548 omnium
642 3483 695 3548 est
706 3481 834 3550 dooere:
857 3480 928 3546 ahie
943 3479 1108 3546 docendi
1121 3480 1270 3568 inprimis

58 3607 80 3650 e
92 3585 151 3662 deo
166 3583 372 3670 assignatum
386 3585 439 3650 est
452 3575 580 3662 munus,
596 3583 668 3650 eliis
683 3585 836 3672 egendi.
856 3583 906 3652 Ne
920 3583 1023 3670 igitur
1037 3583 1132 3650 alteri
1147 3583 1268 3650 alteros

59 3688 252 3778 vituperent
296 3683 381 3752 Nam
395 3684 482 3752 siout
495 3686 630 3754 verbum
644 3709 780 3776 pravum
794 3709 815 3752 a
829 3709 928 3775 prave
947 3685 1040 3754 facto
1049 3685 1129 3752 nihil
1143 3685 1267 3751 differt:

59 3791 104 3856 ita
126 3809 275 3858 sermone
293 3789 383 3854 recto
403 3788 534 3856 utentes
555 3811 627 3877 eos,
648 3789 704 3876 qui
724 3791 811 3858 recte
835 3788 950 3855 volunt
968 3810 1079 3876 agere,
1099 3787 1266 3854 adiuvant.

59 3893 120 3960 Est
133 3892 221 3960 enim
235 3892 269 3976 et
284 3911 392 3960 sermo
406 3890 560 3958 salutaris
575 3894 701 3980 etopus
714 3891 866 3959 salutare.
889 3889 1169 3972 Quemadmodum
1180 3910 1269 3976 ergo,

60 3996 85 4061 si
98 4017 193 4062 nemo
206 3993 272 4060 iam
286 3992 368 4060 bene
387 3993 498 4072 faeiat,
518 4016 612 4062 nemo
633 3993 731 4062 etiam
750 3992 828 4072 erit,
847 3992 882 4058 in
902 4013 997 4079 quem
1016 3991 1172 4062 beneficia
1192 4013 1269 4058 con·
1395 4023 1399 4030 ·

59 4098 220 4166 seruntur:
231 4159 233 4167 ,
244 4095 294 4164 sic
305 4094 488 4165 obedientia
503 4119 630 4184 quoque
644 4095 771 4164 tollitur
784 4098 819 4162 et
837 4095 930 4174 fides,
949 4095 1014 4162 nisi
1034 4093 1130 4162 simul
1148 4093 1268 4182 aecipi-

59 4203 153 4268 antur
167 4221 266 4288 quum
280 4201 490 4288 praeceptum
511 4201 581 4266 tum
601 4199 697 4302 huius
722 4200 893 4288 interpres.
936 4193 1002 4262 Hic
1029 4199 1139 4263 autem
1165 4198 1268 4263 artem
1349 4201 1353 4222 ¹

58 4301 234 4392 litigiosam
247 4299 336 4368 illam
351 4302 386 4369 et
401 4301 611 4390 sophisticam
625 4303 769 4392 respuat.
813 4299 909 4380 „Non
930 4299 1014 4367 enim
1035 4300 1088 4368 est
1108 4298 1268 4388 sapientia

57 4455 257 4474 W

108 4558 133 4628 ι)
150 4574 177 4624 p.
188 4555 336 4614 337-339.

107 4645 135 4713 ’)
150 4661 176 4714 p.
187 4644 334 4703 tlt-841.
