2972 5048
601 313 872 446 'arb

107 529 276 605 meteres,
301 547 384 614 quos
403 547 556 594 vocamus
579 527 748 615 profanos,
774 528 817 594 ad
840 517 1011 594 veritatem
1042 526 1143 592 menti
1170 547 1209 593 ac
1234 527 1321 594 vitae

102 630 288 718 aagendam
307 629 390 696 nihil
408 627 474 694 ullo
494 629 589 696 modo
607 630 809 708 condumum
831 629 1039 697 nihilomiuus
1063 629 1188 694 codices
1210 651 1344 720 eornm¹

9 809 11 816 Ι
101 753 184 798 mss.
204 731 387 798 incredibili
410 731 519 798 labore
543 733 672 820 saepius
697 731 851 808 revoluti,
877 730 1037 818 inspecti,
1063 731 1207 818 excerpti
1233 735 1320 796 sunt.

104 833 190 900 Nolo
205 833 338 918 quidem
358 833 542 922 vituperare
562 856 634 913 eos,
660 834 715 920 qui
735 833 882 900 Graecae
905 833 1087 900 litterarum
1115 833 1321 918 antiquitatis
1358 843 1363 849 “
1474 837 1475 920 j

108 933 258 1020 reliquias
283 933 528 1021 religiosissime
553 935 708 1022 indagare
740 935 890 1013 student;
914 957 1107 1022 quamquam
1134 935 1162 1000 si
1188 935 1262 1021 quis
1286 935 1322 1000 in

105 1035 202 1123 nugis
215 1034 415 1120 quibusdam
430 1035 472 1100 ad
491 1039 611 1104 mentis
631 1039 735 1104 lucem
755 1038 907 1122 vitaeque
926 1037 1131 1102 honestatem
1152 1035 1203 1116 vel
1222 1036 1321 1102 etiam

105 1137 377 1204 commodidatem
402 1137 485 1202 nihil
506 1137 744 1226 pertinentibus
776 1140 913 1204 multum
941 1139 1003 1204 olei
1028 1143 1063 1204 et
1088 1159 1203 1225 operae
1231 1137 1323 1226 perdi
1369 1131 1376 1140 ¹

101 1229 332 1317 affirmaverit,
358 1238 432 1306 huie
447 1239 651 1306 adversarius
673 1241 830 1307 exsistere
845 1239 1069 1306 dubitaverim.
1115 1240 1182 1307 Sed
1200 1243 1234 1306 in
1248 1240 1322 1306 uni·

100 1363 235 1408 versum
251 1340 397 1407 studium
411 1341 491 1407 illud
505 1344 540 1406 et
553 1341 654 1428 probo
674 1345 709 1408 et
731 1333 813 1410 amo.
857 1342 1017 1408 Attamen
1036 1341 1238 1410 Clementem
1253 1341 1320 1420 Al,

102 1442 198 1510 cuius
214 1463 314 1530 opera
327 1445 396 1510 tam
409 1443 540 1530 ingenio
550 1443 757 1528 ‚acuminique
771 1467 868 1530 qnam
882 1444 1070 1530 diligentiae
1090 1449 1189 1531 atque
1210 1445 1322 1512 soller-

104 1545 171 1615 tiae
189 1543 405 1624 latissimum,
430 1549 470 1612 ut
494 1545 626 1624 dicrmt,
647 1546 888 1614 exercitationis
913 1568 1062 1635 campum
1086 1547 1252 1634 aperiunt,
1274 1546 1324 1612 ita

105 1647 230 1736 negligi
244 1668 310 1714 non
329 1646 436 1716 laudo.
473 1644 574 1716 Certe
587 1649 622 1714 in
637 1645 816 1714 Clementis
831 1647 887 1714 Al.
904 1648 1027 1737 scripta
1040 1649 1181 1716 lahorem
1197 1650 1322 1738 impen-

105 1750 195 1818 disse
209 1737 280 1818 nou¹
294 1750 400 1836 magis
421 1773 615 1838 quemquam
635 1749 850 1838 poenituerit,
877 1773 973 1836 quam
998 1751 1033 1818 in
1058 1751 1263 1818 Pherecratio
1288 1754 1323 1818 et

110 1851 285 1940 Eupolidis
299 1853 493 1940 fragmenta,
509 1853 560 1920 rel
573 1853 608 1919 in
624 1850 758 1930 Catulli,
773 1851 904 1930 Tibulli,
920 1851 1082 1940 Propertii
1097 1855 1248 1922 carmina.
1285 1925 1289 1934 ,
1379 1928 1384 1954 Ι

75 1941 77 1949 1
174 1950 1322 2043 Haudequidemignoro,quantumfueritopusClementis'criticofelioh

115 2053 309 2142 Philologiae
328 2055 527 2124 abundantia
542 2055 818 2124 instructissimus
841 2061 939 2141 atque
957 2057 1102 2144 εὐστοχιᾳ
1112 2058 1170 2124 illa
1184 2059 1323 2129 maxime

109 2159 303 2236 necessaria,
324 2159 388 2226 nisi
404 2159 586 2247 theoloffl'ae
606 2180 734 2246 quoque
754 2157 987 2246 peritissimus,
1006 2183 1071 2226 nou
1090 2160 1230 2226 multum
1249 2183 1324 2252 per·x

106 2259 211 2338 ficiet3
235 2261 412 2348 contraque
426 2262 597 2350 theologus
615 2261 744 2328 subtilis
759 2259 953 2348 philologiae
973 2262 1199 2330 instrumentis
1219 2262 1323 2328 desti-

104 2364 201 2440 tutus
221 2363 256 2430 in
275 2364 470 2434 coniecturis
495 2365 683 2454 plerumque
709 2361 841 2430 errabit.
884 2363 991 2448 Atqui
1014 2365 1196 2454 philologos
1215 2354 1323 2430 minus

104 2464 205 2534 etiam
230 2465 412 2554 theologiae
442 2467 540 2545 scire,
567 2489 664 2552 quam
694 2464 862 2552 theologos
891 2464 1095 2556 philologiae,
1122 2465 1323 2554 experientia

106 2567 315 2654 quotidiana,
340 2565 463 2655 misgis,
489 2591 586 2656 quam
606 2568 729 2658 placet,
750 2570 913 2636 docemur.
957 2569 1025 2637 Nec
1039 2593 1116 2637 vero
1130 2570 1196 2637 ulla
1210 2569 1324 2656 regula

105 2667 388 2758 sineexceptione3
404 2673 459 2757 qui
465 2673 568 2760 igliur
579 2695 615 2740 se
627 2675 782 2760 exceptos
792 2673 989 2740 essemeritc
996 2674 1206 2751 arbitrantur,
1213 2695 1323 2739 eorum

105 2793 180 2838 cum
195 2791 278 2860 pace
291 2771 373 2838 illud
392 2773 514 2842 dictum
528 2797 602 2842 esse
617 2774 698 2840 volo.
743 2774 792 2840 Ut
807 2779 917 2842 autem
932 2777 1001 2842 vita
1015 2781 1077 2854 est,
1098 2799 1163 2844 non
1177 2797 1322 2864 possum,

103 2874 195 2960 quin,
211 2895 323 2942 omnes
338 2875 405 2942 fere
419 2869 505 2944 viros
523 2879 666 2945 ceterum
676 2878 790 2944 doctos
802 2879 1093 2945 ethumanissimos
1109 2879 1149 2944 de
1160 2879 1335 2966 theologia,

108 2980 142 3044 et
156 2975 315 3063 religione
328 2977 510 3046 iudicantes
530 2980 579 3045 ita
597 2980 708 3068 inepte
728 2991 763 3044 et
782 2979 921 3046 absurde
939 2981 1038 3066 loqui,
1059 2981 1174 3057 fatear,
1195 2983 1233 3045 ut
1250 3002 1323 3046 cum

108 3079 154 3146 eis
169 3077 317 3146 cavillari
338 3101 440 3167 paene
455 3082 602 3168 cogaris.¹
636 3080 702 3147 Sed
716 3080 796 3146 haec
809 3104 861 3146 res
883 3085 960 3147 utut
980 3081 1148 3160 sehabet,
1172 3077 1322 3148 Clemens

113 3181 212 3250 adhuc
229 3181 377 3250 criticum
392 3183 591 3272 philologum
606 3178 792 3270 theologum
807 3181 981 3248 desiderat.
1004 3183 1093 3250 Huic
1108 3185 1217 3249 autem
1231 3205 1323 3251 acce-

110 3283 209 3366 denti,
225 3283 323 3352 modo
336 3307 402 3352 uon
417 3309 512 3374 aegre
526 3285 626 3368 ferat„
636 3285 768 3379 aliquid,
785 3285 871 3373 quod
886 3285 1001 3366 dicam,
1018 3283 1176 3375 reliquum
1190 3290 1255 3354 est.
1267 3325 1309 3340 --

679 3460 748 3544 se.

148 3572 355 3658 Quomodo
378 3569 600 3643 Clementis
622 3545 742 3664 opera
759 3535 888 3644 'multa
909 3597 956 3644 ex
977 3563 1094 3666 parte
1116 3576 1276 3666 possint

283 3676 435 3762 corrigi
458 3676 544 3744 sine
565 3680 680 3746 novis
704 3675 824 3746 Codd.
847 3703 933 3748 mss.
956 3679 1144 3777 propriis.

170 3795 333 3880 Quamvis
346 3795 432 3864 enim
441 3797 566 3884 codices
582 3799 795 3887 manuscripti
808 3799 875 3866 sint
886 3800 1050 3888 perpauci,
1064 3802 1208 3867 adaman
1220 3797 1323 3888 plurl-

105 3899 167 3966 mis
182 3899 279 3978 locis,
295 3898 415 3966 auxilio
436 3899 566 3966 aliunde
587 3902 705 3990 petito,
727 3901 837 3968 nescio
856 3924 899 3968 au
918 3904 1038 3970 mederi
1058 3903 1229 3990 possimus.
1272 3901 1323 3968 Ea

104 4002 190 4068 enim
207 4001 282 4066 erat
297 3997 473 4068 Clementis
488 4003 591 4090 gloria
612 4007 710 4090 atque
729 4004 925 4084 auotoritas,
948 4011 986 4072 u't
1006 4017 1070 4072 non
1089 4005 1222 4071 minima
1242 4003 1324 4070 soria

106 4105 240 4190 piorum
255 4125 332 4192 pars
347 4103 382 4170 in
396 4105 469 4172 ahie
484 4105 673 4198 posterioris
688 4107 807 4172 aetatis
822 4108 1008 4174 auctoribus
1020 4109 1143 4194 passim
1154 4107 1337 4187 citaretur,

106 4227 245 4290 quorum
271 4205 396 4274 codices
421 4231 517 4286 msa,
548 4207 629 4274 satis
654 4210 777 4276 vetusti
798 4211 839 4276 ad
860 4233 922 4276 nos
944 4211 1170 4298 pervenerunt.
1217 4209 1324 4296 Atqui

108 4305 235 4374 codices
248 4304 284 4375 hi
297 4307 372 4397 ipsi,
393 4309 479 4396 quod
493 4309 536 4378 ad
555 4309 737 4399 fragmenta
756 4312 838 4400 ipsis
862 4317 991 4380 servata
1011 4313 1149 4391 attinet,
1170 4335 1209 4381 ex
1229 4315 1325 4402 parte

109 4411 266 4496 tanquam
279 4409 459 4480 Clementis
474 4411 598 4480 codices
613 4413 752 4480 habendi
767 4416 855 4480 sunt.
898 4414 995 4497 Quod
1010 4415 1038 4481 si
1053 4417 1129 4502 qais
1142 4437 1197 4483 eos
1210 4435 1325 4484 omnes

110 4511 249 4583 voluerit
262 4514 435 4610 revolvere,
450 4515 634 4603 fragmenta
646 4515 703 4584 illa
717 4538 903 4606 exeerpens,
924 4517 1011 4584 hand
1026 4519 1123 4586 dubie
1142 4519 1171 4586 is
1192 4518 1322 4605 quidem

111 4614 212 4686 multa
225 4614 261 4684 in
273 4615 356 4706 ipsis
373 4617 504 4707 scriptis
521 4617 590 4686 sine
609 4618 676 4688 ulla
695 4619 916 4688 controversia
933 4621 1106 4690 restituere
1127 4619 1249 4712 poterit
1267 4624 1321 4688 at-
