2820 5052
13 163 15 210 l

13 219 14 270 l

629 335 689 402 177

70 511 160 584 divina
183 520 216 586 et
239 519 380 609 perlecta
404 519 593 588 elaboravit*
607 524 642 590 et
666 521 854 600 conservat,
880 519 1155 610 contemplantur,
1179 521 1262 590 illud

69 622 176 688 omnino
189 621 331 710 Moysis:
353 611 488 704 Dixit,
511 623 719 692 attactum
740 627 818 703 est,
842 647 906 715 quo
921 623 973 690 dei
988 645 1098 692 vocem
1118 622 1263 692 declarat

67 723 155 810 ipsum
172 747 241 794 esse
261 747 353 816 opus,
375 725 558 798 audierunt.
602 725 730 815 Corpus
750 725 860 794 tantem
883 748 956 796 esea
974 729 1149 804 terrenum,
1169 727 1263 794 utin

69 823 169 894 Genesi
187 831 354 912 narratur,
376 853 442 896 non
459 829 643 919 philosophi
664 829 785 911 solum,
813 831 870 896 sed
891 831 989 896 etiam
1008 831 1124 920 poetae
1145 851 1262 919 appro-

67 926 137 1008 bmt,
150 929 323 1009 Homerus,
340 927 567 1011 Callimachus,
583 932 761 1000 Hesiodus.
807 931 964 998 Similiter
976 930 1176 1019 singularum
1191 932 1262 1000 uni·

69 1031 208 1100 versitatis
222 1055 331 1100 rerum
346 1037 543 1102 creationem
558 1059 578 1102 a
592 1035 710 1121 Moyse
724 1035 881 1100 traditam
897 1031 1016 1102 Graeci
1028 1037 1142 1123 postne
1153 1036 1263 1102 trans·

69 1134 251 1223 seripserunt.
273 1136 321 1204 Et
335 1137 423 1204 haud
433 1138 561 1224 quidem
577 1137 672 1208 aliter
686 1157 721 1205 se
735 1135 834 1202 habet
847 1135 995 1204 doctrina
1008 1136 1049 1203 de
1071 1137 1131 1204 deo
1145 1134 1262 1216 Patre;

64 1234 111 1302 ino
122 1237 215 1306 Plato
229 1239 266 1306 in
280 1238 420 1328 epistola
435 1240 477 1306 ad
497 1239 655 1308 Erastum
669 1241 711 1306 et
733 1236 918 1316 Coriscum,
941 1239 1051 1306 nescio
1071 1262 1135 1326 quo
1153 1243 1262 1328 pacto,
1396 1315 1397 1320 χ

65 1357 92 1402 er
103 1339 269 1408 Hebraicis
283 1341 404 1408 litteris
419 1342 528 1430 palam
543 1365 582 1410 ac
597 1339 770 1414 manifesto
785 1340 918 1408 Patrem
933 1343 968 1406 ct
981 1341 1103 1408 Filium
1116 1343 1263 1415 nunciat.

62 1434 238 1510 lnTimaeo
263 1447 375 1512 autem
400 1445 583 1512 trinitatem
609 1443 748 1522 indicat3
784 1443 914 1510 Patrem
940 1443 1025 1510 enirn
1054 1449 1263 1532 parentem

62 1540 302 1634 opificemque
322 1547 475 1635 appellat,
491 1547 613 1614 Filium
627 1567 774 1633 reg-em,
797 1547 963 1634 propter
983 1567 1096 1630 quem
1115 1549 1262 1627 omnia,

62 1638 199 1728 spirirum
215 1649 449 1718 abonorum
464 1647 635 1716 omnium
649 1648 903 1736 principium.
947 1647 1122 1715 Praeterea
1135 1649 1170 1716 in
1183 1650 1262 1718 Rei-

61 1743 184 1828 publicae
209 1751 335 1820 decimo
359 1752 437 1818 Eris
465 1751 652 1828 cuiusdam,
678 1751 826 1818 Armenii
848 1751 921 1828 filii,
947 1774 1065 1840 genere
1090 1751 1263 1840 Pamphyli
1396 1775 1397 1782 ¹

61 1850 194 1943 meminit,
209 1854 413 1940 quiquidem
428 1857 481 1922 est
495 1855 695 1922 Zoroastres.
739 1852 838 1920 Hunc
851 1851 956 1942 igitur
976 1854 1073 1920 Plato
1089 1854 1140 1920 die
1156 1855 1196 1921 ab
1211 1855 1263 1920 in-

60 1947 141 2018 terdu
153 1955 354 2035 duodecimo,
369 1980 450 2044 rogo
464 1957 529 2024 iam
544 1955 733 2045 impositum
753 1955 911 2024 revixisse
930 1959 1099 2034 memorat,
1121 1955 1155 2022 id
1176 1957 1264 2042 quod

60 2047 227 2129 Zoroastres
244 2059 285 2124 de
301 2082 335 2126 se
349 2060 422 2147 ipso
437 2064 561 2128 narrat.
607 2057 683 2140 Qua
702 2079 737 2122 re
757 2057 842 2124 forte
862 2059 1163 2140 Resurrectionem,
1175 2055 1263 2126 forte

60 2151 175 2224 alterum
190 2161 284 2240 illud,
300 2162 436 2242 animos,
453 2163 530 2230 durh
544 2162 579 2228 in
594 2161 717 2228 coelum
731 2159 940 2248 recipiantur,
956 2184 1015 2250 per
1027 2161 1121 2248 signa
1132 2159 1264 2228 Zodiaoi

60 2251 206 2328 duodecim
220 2265 308 2332 viam
323 2265 416 2347 inire,
436 2263 610 2352 signifieat.
641 2263 718 2330 Huc
733 2263 831 2330 etiam
848 2267 995 2352 spectare
1009 2263 1161 2330 videntur
1174 2262 1263 2330 Her·
1320 2353 1324 2358 .

60 2357 121 2426 vulis
144 2365 314 2434 duodecim
338 2369 531 2466 certamina,
557 2366 676 2454 quibus
703 2365 887 2446 exhaustis,
913 2365 954 2434 ab
981 2364 1140 2434 universis
1165 2365 1262 2434 huius
1340 2437 1342 2448 ,

59 2465 152 2532 mundi
165 2470 330 2558 angustiis
346 2470 473 2538 animus
490 2471 654 2540 liberetur.

106 2565 170 2637 Nee
179 2572 437 2660 praetereundus
452 2572 678 2660 Empedocles,
694 2571 751 2661 qui
763 2571 813 2638 ita
823 2593 930 2640 rerum
942 2571 1085 2638 omniurn
1098 2571 1263 2639 instaura·
1291 2563 1292 2570 '

58 2661 138 2734 tionis
151 2675 309 2756 meminit,
325 2678 363 2742 ut
382 2675 469 2764 ignis
489 2677 524 2742 in
538 2678 690 2744 naturam
710 2677 827 2742 cuncta
847 2675 923 2742 olim
941 2675 982 2740 iri
1001 2678 1165 2772 mutatum
1185 2696 1261 2764 pro·

57 2771 176 2840 norbet.
220 2775 287 2845 Cui
301 2779 482 2846 assentitur
495 2779 685 2846 Heraclitus
701 2778 876 2868 Ephesius.
924 2777 1052 2859 Quibus
1072 2775 1182 2844 affinia
1202 2777 1261 2844 do·
1360 2789 1361 2792 ’

57 2874 185 2944 tectura
201 2880 388 2948 Stoicorum
409 2881 660 2960 eruditissimis,
686 2904 786 2968 quum
807 2881 848 2946 ab
869 2880 916 2946 eis
937 2880 977 2948 de
997 2881 1261 2968 conflagratione,

57 2965 87 3038 <le
102 2977 334 3060 gubernatione
354 2983 476 3062 mundi,
507 2983 636 3060 dehoc,
667 2983 723 3070 qni
738 2983 816 3048 talis
837 2981 966 3070 proprie
987 2986 1054 3059 est,
1085 2981 1205 3047 mundo
1227 2983 1262 3048 et

56 3065 165 3148 homine
179 3085 285 3172 deque
300 3085 480 3152 animorum
489 3089 677 3155 nostrorum
691 3085 916 3174 permansione
930 3084 1129 3172 disputetur,
1158 3083 1260 3150 Porro

56 3173 137 3247 etiam
151 3183 237 3254 diem
248 3187 458 3258 Dominioum
471 3189 506 3256 in
516 3189 611 3278 Reip.
621 3188 746 3256 decimo
756 3187 954 3254 vaticinatur
965 3187 1060 3252 Plato
1072 3185 1123 3252 his
1134 3185 1259 3254 verbis:

55 3270 250 3373 P0⁸tquarn
282 3313 327 3358 eo
353 3293 395 3360 in
426 3295 543 3381 prato
571 3291 723 3379 singuli
754 3291 841 3356 dies
875 3293 1028 3378 septem
1056 3288 1260 3356 constite-

55 3390 147 3468 runt,
169 3395 484 3462 octavodernum
505 3395 598 3460 inde
619 3391 831 3482 proficisci
851 3385 1148 3482 oporteteoque
1163 3414 1259 3479 qua-

55 3478 165 3558 tridui
185 3496 335 3569 itinere
356 3499 578 3584 pervenire.
621 3495 783 3584 Equidem
804 3496 889 3562 enim
903 3497 1034 3586 pratum
1048 3494 1128 3564 illud
1143 3493 1260 3584 sphae-

54 3596 274 3666 enatabilem
288 3602 323 3666 et
336 3599 505 3668 immotam
519 3599 652 3688 accipio,
674 3597 730 3684 qui
743 3598 834 3667 locus
849 3599 902 3666 est
917 3598 1026 3665 suavis
1038 3597 1210 3664 admodum
1225 3597 1260 3664 et

54 3682 183 3768 placidus
200 3702 459 3790 sanctorumque
475 3703 579 3768 sedes.
622 3702 672 3766 At
690 3701 746 3766 illo
761 3701 886 3767 dierum
908 3700 1091 3788 septenario
1112 3697 1258 3786 singulos
1290 3781 1300 3794 ·

55 3793 165 3876 llllem
177 3801 389 3874 Planetaram
403 3808 514 3872 motus
532 3808 631 3892 atque
651 3825 778 3870 omnem
798 3803 958 3870 efficiendi
978 3805 1081 3868 artem
1100 3801 1259 3888 intelligo,
1396 3865 1397 3870 ,

55 3905 124 3971 ‘luae
137 3903 178 3970 ad
198 3907 353 3998 requietis
373 3906 471 3974 finem
485 3906 653 3978 contendit
671 3928 710 3972 ac
730 3908 894 3994 properat.
938 3903 1035 3986 Quod
1054 3895 1164 3970 autem
1181 3897 1260 3992 post

55 4006 183 4074 errantes
203 4010 277 4078 illos
305 4011 399 4078 orbes
422 4003 487 4076 iter
509 4010 702 4098 suscipitur,
732 4011 822 4074 reeta
840 4007 990 4096 perducit
1011 4007 1045 4071 in
1066 4003 1206 4083 coelum;
1228 4005 1258 4074 is

54 4095 126 4167 enim
139 4113 271 4180 octavus
286 4118 340 4182 est
354 4117 463 4180 motus
479 4116 577 4200 atquc
592 4112 672 4180 dies.
695 4109 847 4196 Denique
861 4110 985 4176 animos
997 4107 1171 4194 quatriduo
1182 4131 1258 4196 pro·

54 4189 141 4272 ficisci
154 4212 229 4283 dum
245 4217 303 4295 ait,
330 4217 394 4282 iter
407 4215 498 4294 illud,
524 4215 610 4302 quod
629 4235 688 4302 per
708 4215 865 4298 quattuor
884 4210 1056 4277 Elementa
1077 4210 1257 4290 conficitur,

55 4291 191 4382 declarat.
236 4317 303 4385 Sed
318 4318 494 4406 septimum
508 4317 593 4382 diem
609 4337 736 4382 sacrum
748 4335 909 4392 esse,·non
921 4312 1064 4379 Hebraei
1078 4313 1184 4393 mod0,
1199 4335 1257 4380 ve·

54 4413 114 4472 lum
127 4417 221 4486 ceteri
235 4421 335 4488 etiam
351 4417 470 4487 Graeci
485 4419 683 4510 agnoscunt,
709 4417 800 4484 cuius
815 4416 1022 4486 conversione
1042 4415 1256 4482 animantium

55 4513 180 4588 annum
194 4526 293 4614 atque
312 4521 498 4612 plantarum
517 4521 713 4592 universitas
734 4521 935 4600 continetur,
959 4517 1106 4609 inprimis
1122 4522 1255 4608 poetae:

56 4596 213 4710 Hesiodus,
231 4627 408 4714 Homerus,
424 4624 654 4710 Callimachus,
675 4625 776 4694 Solon
793 4623 828 4693 in
841 4622 962 4714 elegiis.
1005 4621 1060 4782 lllp
1082 4600 1260 4694 Servaeors'
