2972 5048
92 547 217 639 quando
231 543 507 624 morturafuerit,
529 545 609 614 satis
624 546 737 637 liquet.
781 547 847 614 Sed
860 547 948 614 ultra
957 557 1080 615 'annum
1096 549 1306 617 altmontem
1416 585 1420 601 ·

88 651 156 717 eins
171 671 238 714 non
259 649 377 715 cadere
390 647 543 714 nonnulla
558 670 629 714 cum
645 649 873 738 probabilitate
894 650 1175 736 licetstatuer01).
1214 651 1304 718 Gue-

85 751 167 818 rilrii
190 751 272 818 enim
294 751 526 830 coniectura,²)
556 773 635 836 qua,
659 751 687 815 si
710 755 904 838 vernasset,
928 752 1079 830 „circiter
1100 777 1218 819 annum
1241 757 1304 820 213

91 851 292 924 Clementem
314 856 476 920 mortuum
497 875 569 919 esse
584 853 921 938 censendum“'foret,
941 855 1017 920 inde
1037 856 1196 933 manavit,
1219 857 1305 944 quod

93 980 162 1024 eum
174 961 253 1046 post
267 955 524 1046 persecutionem
536 957 577 1021 ad
590 956 730 1024 scliclam
746 953 905 1046 reducem,
922 956 998 1024 dum
1010 957 1143 1035 viveret,
1160 957 1303 1024 Alexan·

89 1059 175 1125 driae
189 1055 440 1125 docuirrefalso
455 1059 606 1148 opinatur
621 1059 738 1125 luerat.
920 1055 925 1062 ’

147 1177 173 1247 J
174 1201 228 1244 am
243 1173 512 1266 verossClementie
526 1175 677 1263 discipuli
691 1197 791 1267 quum
805 1173 901 1240 multi
914 1172 1035 1241 fuerint
1049 1176 1216 1264 praeclari,
1232 1181 1304 1246 tum

83 1283 150 1350 duo
165 1282 389 1362 nominantur,
412 1279 478 1370 qui,
500 1280 540 1344 ut
555 1299 654 1366 supra
667 1278 732 1344 iam
746 1276 940 1352 monuimus,
961 1277 1109 1365 inprimis
1130 1280 1302 1360 excellunt,

84 1386 172 1453 alter
187 1382 411 1452 ecclesiastica
425 1379 598 1468 dignitate,
623 1381 757 1446 scientia
768 1379 861 1457 alter,
883 1377 1079 1459 Alexander,
1096 1381 1302 1472 Origenee3).

86 1487 201 1577 Atque
220 1485 276 1552 ille
296 1483 425 1576 quidem
440 1471 533 1549 valde
548 1481 716 1568 gloriatur,
739 1481 798 1546 tali
816 1504 850 1548 se
873 1497 968 1569 usum
992 1504 1064 1548 esse
1082 1488 1301 1572 praeceptore,

87 1591 205 1678 „patre
220 1587 329 1665 beato,
344 1588 407 1676 .qni
421 1587 507 1652 riam
523 1585 585 1650 sibi
598 1583 773 1672 praeiverit
787 1583 994 1673 sequendam,
1010 1585 1066 1675 qui
1079 1585 1252 1675 plurimum
1268 1611 1303 1655 se

87 1691 315 1773 adiuverit‘r)
340 1689 431 1772 Quas
446 1687 558 1754 laudes
572 1687 599 1752 ei
616 1709 689 1753 cum
703 1686 750 1752 eis
765 1687 1067 1776 comparaverimus,
1090 1688 1207 1778 quibus
1222 1711 1302 1756 eun-

83 1795 172 1861 dem·
188 1789 391 1860 Clementem
421 1791 515 1856 effert
544 1789 731 1856 Alexander
760 1788 794 1854 in
822 1787 960 1877 epistola
984 1790 1026 1855 ad
1050 1791 1301 1872 Antiochenses,

85 1898 213 1986 quanta
226 1896 347 1984 pietate
367 1895 401 1960 in
421 1914 494 1960 eum
514 1891 628 1970 fuerit,
655 1891 886 1984 intelligemus,
930 1890 1014 1958 Erat
1038 1894 1122 1982 enim
1149 1891 1300 1962 Clemens

90 2019 158 2062 non
183 1995 361 2091 doctrina
389 1995 492 2062 solum
512 1997 547 2062 et
572 1994 799 2062 eruditione
827 1992 1093 2073 admirabilis,
1130 1997 1301 2064 sedetiam

89 2099 208 2164 animi
221 2099 438 2166 candoreet
451 2097 663 2164 honestate
677 2094 859 2162 amabilis
867 2119 876 2172 3
892 2095 983 2162 cuius
998 2096 1045 2162 rei
1059 2101 1185 2165 veteres
1196 2102 1300 2166 testeo

84 2203 165 2268 sunt
181 2201 445 2290 locupletissimi,
479 2200 535 2290 qui
554 2202 649 2265 tanta
674 2198 796 2286 gloriae
820 2197 889 2263 eius
927 2199 1019 2287 copia
1043 2199 1228 2280 abundant,
1261 2206 1301 2267 ut

82 2301 266 2384 Clementis
281 2323 409 2380 nomen,
425 2302 571 2388 quamvis
586 2301 620 2367 id
636 2301 744 2389 ipsum
759 2322 823 2364 nou
845 2321 972 2388 semper
987 2303 1146 2388 spectent,
1161 2306 1200 2368 ut
1214 2325 1298 2382 eum,

80 2395 282 2494 praedicent,
297 2404 352 2472 vix
366 2407 475 2470 tamen
489 2427 553 2470 non
565 2403 676 2469 addita
690 2403 784 2468 laude
801 2402 919 2468 eximia
934 2405 1153 2490 pronuntient.
1182 2404 1299 2492 Itaque

80 2508 247 2574 Eusebius
263 2501 336 2573 eum
351 2527 580 2592 nonnunquam
591 2507 779 2592 cognomine
791 2504 1037 2584 „admirabilie“
1048 2509 1187 2589 ornat,⁵)
1203 2531 1298 2594 quem

77 2609 271 2676 Alexander
284 2609 455 2698 episcopus
466 2608 655 2674 laudaverat
669 2609 814 2686 „virtute
829 2608 1010 2696 praeditum
1026 2608 1298 2700 probatumque.“

78 2713 307 2780 Theodoretur
323 2711 459 2776 eundem
474 2711 618 2798 appellat
639 2711 766 2788 ,‚virum
783 2713 1004 2788 sanctum,“⁵)
1028 2709 1211 2778 Chronioon
1231 2713 1296 2779 Pa·

78 2813 189 2882 schale
203 2813 352 2880 nominat
373 2813 709 2890 ,‚sanctissimum,“⁷)
735 2815 832 2878 vocat
853 2813 1033 2894 „beatum“
1047 2813 1101 2880 dc.
1117 2813 1296 2882 Damasce-

77 2922 189 3000 nua,⁸)
213 2915 280 2982 imo
300 2915 334 2982 in
349 2914 594 3002 Martyrologiis
609 2914 754 2982 Usuardi
774 2915 808 2979 in
829 2917 959 2980 sanctos
980 2915 1102 2981 relatus
1123 2917 1296 2982 invenitur.
1321 2961 1326 2972 ι
1376 2951 1379 2962 ‹

81 3019 173 3102 Quae
195 3040 298 3108 quum
320 3017 369 3083 ite
391 3039 425 3082 se
445 3017 600 3094 habeant,
623 3017 793 3101 omniaque
819 3018 888 3082 eius
915 3016 1037 3103 scripta
1061 3017 1295 3103 integritatem,

85 3121 312 3198 sinceritatem,
335 3120 556 3196 sanctitatem,
579 3118 784 3184 tenerrimam
799 3117 851 3183 dei
875 3117 1102 3213 hominumque
1125 3120 1295 3186 caritatem

83 3223 237 3312 prodant,
259 3221 324 3287 etsi
345 3220 414 3287 dies
436 3222 506 3286 eius
528 3219 633 3288 festus
660 3220 779 3286 iudea
805 3219 983 3286 Benedicta
1002 3219 1104 3314 XIV,
1141 3221 1295 3290 historiae
1368 3211 1372 3224 ⁸

79 3323 281 3414 argumentis
292 3345 357 3393 non
369 3325 451 3390 satis
462 3323 611 3410 expletis,
622 3347 687 3392 non
697 3324 761 3388 iarn
773 3323 964 3404 celebratur,
978 3326 1122 3390 attamen
1133 3327 1294 3392 eumduco

79 3433 240 3496 sanctum.
286 3425 351 3492 Sed
365 3426 457 3492 iuvat
471 3424 532 3490 riri
547 3426 628 3492 satis
640 3427 738 3505 acuti,
756 3424 883 3494 Sollerii
894 3425 1010 3492 addere
1025 3425 1138 3492 verba:
1163 3427 1294 3511 „Quam

76 3552 231 3618 magnae,
254 3525 376 3614 inquit,
398 3531 433 3594 et
452 3549 546 3596 verae
567 3533 643 3596 sunt
668 3532 842 3616 congestae
858 3528 899 3594 ab
914 3527 1056 3596 Eusebio
1075 3529 1109 3594 in
1123 3529 1293 3598 Meletium

74 3633 200 3710 laudes,
215 3633 285 3696 tam
297 3629 493 3718 praeclaras,
510 3630 575 3696 imo
586 3631 872 3698 fortassemaiores
885 3633 1027 3698 meretur
1047 3631 1244 3700 clarissimus
1259 3637 1294 3700 et
1316 3619 1334 3650 '¹

74 3732 302 3804 celeberrimus
318 3731 457 3820 scriptor
472 3729 622 3801 Clemens
638 3737 851 3822 cognomento
864 3731 1117 3804 Alexandrinus.
1130 3781 1248 3804 ........

131 4025 157 4095 ¹)
176 4025 282 4078 Hieron.
294 4031 344 4077 cat
356 4025 399 4080 38.
436 4026 547 4088 „Floruit
559 4035 644 4080 autem
656 4028 742 4104 Seperi
754 4017 782 4080 et
791 4028 914 4080 Antonini
927 4026 971 4077 filii
984 4029 1037 4079 eius
1055 4027 1230 4090 temporibus.“

130 4117 159 4180 ¹)
176 4114 231 4166 Le.
250 4125 277 4174 p.
290 4107 371 4162 35.’
448 4153 454 4161 .

132 4200 157 4262 ¹)
175 4197 249 4262 On'g.
260 4193 335 4260 opp,
346 4199 378 4248 ed
388 4197 480 4260 Ruaei,
489 4197 509 4250 Ι,
521 4211 545 4260 p.
557 4195 583 4250 o.
620 4195 711 4256 Eirseb.
723 4201 749 4254 h.
762 4215 783 4251 s.
796 4197 842 4253 VI.
855 4199 880 4253 d.
914 4197 990 4248 Phor.
1004 4199 1058 4252 cod.
1073 4197 1131 4253 118.
1144 4214 1168 4264 p.
1181 4199 1240 4255 297.

131 4281 157 4350 ⁴)
174 4279 205 4333 lu
217 4283 323 4345 epistola
335 4285 446 4346 quadem
458 4285 491 4334 ad
504 4283 637 4350 Origenem
651 4289 718 4348 apud
731 4288 822 4338 Euseb.
836 4287 865 4338 h.
878 4294 899 4337 οὶ
912 4282 957 4337 VI.
973 4284 1012 4338 14.

132 4367 157 4429 ⁸)
175 4367 268 4420 Euseb.
279 4367 371 4431 Praep.
385 4369 431 4422 Er.
442 4365 477 4418 11.
491 4366 634 4425 21v.1c=
652 4363 765 4441 Κλήμης
778 4366 793 4426 ὁ
806 4363 972 4441 θαυμάσιος.

131 4451 157 4519 ⁴)
174 4452 340 4506 Husraafab.
355 4450 374 4508 Ι.
384 4467 406 4506 o.
419 4449 450 4504 62
468 4446 543 4520 lapte
553 4447 632 4522 ἀνήρ.

133 4539 159 4602 ’)
176 4551 200 4601 p.
213 4537 245 4590 'tr
264 4529 280 4590 ὃ
294 4527 452 4600 ὁσιώτατος.

133 4625 158 4688 ⁸)
174 4623 215 4674 De
226 4624 325 4676 duabus
337 4622 432 4676 Christi
444 4624 627 4682 voluntatibus,
