2884 5058
127 493 342 568 (qumquam
366 473 426 542 llls
443 495 509 546 nou
533 475 603 540 tam
626 475 964 561 gmeralitertantum
979 476 1146 566 explicata
1166 497 1240 544 esse
1256 475 1370 548 uelim.

148 576 358 668 Comparatio
373 576 595 650 Clementiana
610 576 829 666 philosophiae
844 601 917 644 cum
928 577 1162 670 Necplatcnica
1175 577 1224 646 ita
1235 578 1369 644 facilius

147 684 183 750 st
195 681 358 748 nesoioma
370 680 555 748 accuratius
568 680 698 748 institui
709 681 825 770 possit.
846 680 913 748 Sed
923 679 1005 748 hanc
1015 680 1292 770 comparationem
1303 679 1369 746 iam

147 784 367 852 minamur
381 785 519 873 oportet
561 782 614 848 Ac
628 783 766 872 primum
782 783 911 874 quidem
926 785 1014 873 quod
1024 783 1194 850 Daehmus
1209 781 1370 871 prooemii
1432 779 1433 782 ’

146 885 217 954 loco
227 885 379 964 affirmat,
392 887 589 975 „utrumque
600 884 704 951 virum
717 884 893 968 (Plotinum
905 885 1253 974 utNeoplatonicorum
1263 883 1371 952 inter·
1432 883 1433 958 i

147 989 272 1078 pretam
284 991 319 1056 et
331 986 545 1070 Clementem)
558 987 644 1054 idem
655 987 848 1078 principium
858 989 1075 1074 tenuissem),
1090 987 1370 1074 κοσμογονίαν,
1432 973 1433 1044 l

147 1091 281 1178 egregie
307 1090 441 1156 fallitur.
495 1089 618 1157 Verum
640 1089 769 1179 quidem
798 1094 866 1169 est,
906 1089 1060 1170 „Plotino
1089 1111 1130 1154 ex
1158 1087 1372 1175 cosmogonia

148 1192 258 1260 omnia
285 1192 498 1283 dependere,“
521 1185 680 1282 siquidem
700 1193 968 1281 quemadmodum
987 1191 1075 1280 apud
1093 1192 1226 1258 nostrae
1246 1190 1370 1260 aetatis

148 1293 374 1384 philosophos,
411 1317 547 1382 qnorum
580 1293 780 1360 existimatio
821 1294 887 1360 iam
927 1295 1035 1385 coepit
1065 1315 1290 1390 cranemere,
1327 1293 1367 1360 sio
1432 1317 1433 1320 ¹

148 1397 248 1472 etism
262 1398 350 1487 apud
364 1397 531 1464 Plotinum
551 1395 705 1485 capitale,
733 1399 773 1462 ut
796 1399 845 1462 rta
869 1397 989 1477 dicam,
1013 1399 1184 1488 peccatum
1205 1417 1245 1462 ac
1275 1415 1369 1485 prae-
1432 1407 1433 1422 ¹

149 1498 354 1566 stantissima
384 1499 553 1567 temeritas
588 1497 733 1566 cernitur
772 1498 808 1564 in
844 1501 1018 1590 statuenda
1052 1501 1254 1586 κοσμογονίγω
1296 1521 1371 1567 nam
1432 1551 1433 1598 1

149 1601 270 1672 mando
291 1601 378 1670 lactc
392 1601 568 1668 athemius
586 1623 772 1691 progresso,
800 1600 866 1668 imo
888 1603 953 1669 iam
972 1601 1236 1692 philosophantes
1258 1603 1371 1668 omnia
1432 1619 1433 1644 ν

70 1767 73 1774 .
150 1703 274 1790 optime
295 1725 331 1770 ss
350 1703 473 1770 hahent
493 1695 592 1793 atque
617 1703 797 1792 procedunt
815 1703 1029 1794 pulcherrima
1048 1727 1086 1772 ac
1107 1724 1233 1772 summa
1253 1723 1371 1770 cunse-

150 1803 292 1895 qusntia.
341 1805 415 1873 Sed
434 1805 513 1897 quid
532 1803 683 1872 Clemens
709 1829 770 1873 nos
798 1807 840 1873 de
861 1810 1048 1894 κοσμογονίᾳ
1074 1807 1229 1874 docturus
1257 1804 1371 1884 tuerit,

150 1929 250 2000 quum
264 1908 429 2000 proprium
449 1908 490 1974 de
508 1907 569 1975 hac
584 1929 619 1975 re
633 1907 750 1975 librum
773 1907 969 1998 promissum
989 1907 1031 1974 ab
1053 1929 1175 1976 eonon
1198 1905 1371 1987 habemus,

151 2009 220 2078 sire
230 2032 295 2078 non
308 2015 361 2078 est
372 2011 524 2102 scriptus,
540 2011 608 2078 sive
618 2011 776 2100 perditus,
789 2011 960 2078 nescimus.
990 2010 1087 2089 „Hoc
1096 2010 1190 2086 addo,
1202 2009 1371 2076 aitDaeh-

149 2113 242 2192 nius,
257 2133 310 2180 me
322 2135 388 2182 non
402 2113 542 2192 credere,
557 2136 631 2180 eum
646 2113 870 2201 cosmogoniae
884 2113 1041 2202 principio
1062 2135 1103 2180 ex
1117 2111 1241 2182 Plotini
1260 2116 1372 2180 mente

150 2236 247 2283 usum
261 2223 404 2300 essem).
448 2215 495 2282 Et
508 2219 596 2284 recte
611 2216 740 2306 quidem
760 2216 820 2284 hoc
839 2216 941 2282 addit.
985 2215 1239 2284 similitudinem
1259 2217 1372 2283 autem

150 2314 252 2402 illam,
268 2341 334 2408 qua
347 2319 446 2385 etiam
461 2317 624 2386 Clementi
639 2318 747 2384 omnia
761 2317 923 2409 pendeant
937 2340 977 2384 ex
992 2319 1190 2404 κοσμογονίᾳ,
1205 2339 1272 2384 non
1290 2317 1371 2384 satis
1432 2305 1433 2310 ἵ

151 2419 279 2511 prohat.
321 2419 433 2487 Verba
447 2419 548 2498 enim,
569 2420 687 2510 quibus
703 2442 773 2488 eam
788 2420 860 2506 vult
874 2417 1028 2498 describi,
1057 2419 1138 2484 haec
1157 2419 1252 2486 sunt:
1289 2418 1373 2498 „Illa

151 2522 256 2611 igitur
279 2523 448 2611 gnosticm
469 2522 655 2590 traditionis
681 2523 818 2590 scientia
840 2521 1016 2588 secundnm
1040 2520 1188 2588 veritatis
1211 2522 1372 2608 regulam,

82 2671 86 2675 -
132 2717 134 2722 Ι
154 2647 221 2718 qua
234 2627 304 2694 eius
318 2627 469 2692 naturam
484 2627 720 2714 cognoscimus,
734 2626 786 2693 vel
801 2623 1038 2714 adspicimus
1059 2623 1214 2712 potius⁸),
1237 2645 1283 2690 ex
1297 2625 1371 2692 doo-

152 2728 241 2795 trina
258 2730 327 2816 περὶ
345 2729 550 2814 scapo-(orlac
574 2727 705 2796 initium
729 2728 825 2808 facit,
858 2728 1037 2814 ascendens
1066 2725 1109 2790 ad
1129 2727 1163 2790 τὸ
1188 2725 1368 2814 dacto-prata
1432 2739 1433 2778 l

155 2831 307 2916 ateana),
349 2829 439 2896 Hinc
458 2851 537 2917 ergo
556 2830 635 2922 quid
656 2831 824 2921 seqnitur?
852 2829 941 2896 Nihil
967 2829 1111 2919 prolecto
1140 2826 1244 2906 aliud,
1276 2851 1370 2918 quam

157 2928 359 3000 Clementem
377 2954 450 3001 eam
464 2931 546 3000 selle
560 2955 667 3000 rerum
682 2932 946 3024 consequentiam
965 2935 1076 3000 tenere
1094 2927 1200 3020 etque'¹
1213 2931 1372 3008 ordinem,

146 3055 252 3126 quem
266 3033 376 3101 divina
390 3035 595 3102 conservavit
608 3035 773 3114 revelatio,
789 3059 828 3102 ca
841 3034 997 3103 divinitus
1013 3031 1275 3110 communicatio,
1293 3055 1373 3125 quae

116 3151 119 3158 ’
153 3135 288 3204 minime
314 3137 468 3204 ¹consistit
502 3137 537 3204 in
562 3138 691 3204 interna
715 3137 838 3204 risione
864 3137 1003 3224 quadam
1032 3138 1067 3204 et
1086 3135 1181 3226 quasi
1212 3135 1374 3226 adspectu

35 3305 38 3312 ,
155 3240 313 3328 mystico,
343 3239 401 3305 scd
412 3239 505 3306 venit
532 3261 590 3328 per
604 3238 786 3328 Prophetas
806 3237 1045 3328 praedicatione
1060 3241 1194 3313 externa
1214 3241 1251 3306 ct
1264 3239 1375 3306 verbo.

155 3339 208 3408 Ut
223 3341 402 3429 scripturae
423 3360 450 3408 ι.
462 3363 488 3408 s.
502 3340 634 3409 initium
651 3340 776 3409 iaciunt
790 3364 810 3406 a
825 3340 938 3408 mundi
955 3343 1133 3420 creatione,
1154 3341 1201 3406 sic
1218 3338 1375 3410 Clemens
1432 3327 1433 3408 l

156 3441 339 3528 gnosticam
353 3441 561 3509 traditionem
577 3438 729 3518 inchoare
743 3443 815 3510 vult
829 3445 870 3510 ad
884 3443 1059 3533 perlectam
1081 3443 1134 3510 dei
1154 3442 1376 3530 cognitionem

160 3563 367 3612 ascensurus.
399 3544 520 3611 Vocem
535 3547 659 3612 autema
681 3544 842 3632 ἤρτηται
856 3544 999 3614 hocloco
1013 3544 1094 3612 nihil
1107 3545 1195 3614 aliud
1209 3545 1376 3614 declarare
1432 3567 1433 3570 ’

157 3648 279 3738 puteat,
288 3644 370 3713 uisi:
384 3645 546 3714 initium
560 3645 677 3725 facit,
693 3652 727 3712 et
738 3647 798 3714 hoc
813 3648 942 3738 quidem
952 3648 1082 3716 initium
1091 3648 1177 3716 idem
1190 3670 1274 3728 esse,
1288 3650 1375 3736 quod

157 3749 253 3818 modo
266 3747 418 3827 indicari,
432 3748 573 3838 probant
586 3749 684 3817 rerha
699 3749 879 3837 sequentia,
895 3773 978 3837 quae
994 3753 1036 3819 ad
1054 3752 1154 3820 rerba
1167 3749 1238 3820 illa:
1264 3753 1302 3819 ta
1322 3757 1374 3820 roi

156 3855 227 3942 sapi
250 3852 455 3939 ιοσμογονίος
474 3849 603 3940 ἤρτηται
623 3853 730 3937 λόγου,
759 3852 1000 3941 explicanda
1018 3858 1131 3944 aperte
1150 3855 1231 3924 enat
1247 3853 1374 3928 addite·
1432 3839 1433 3906 l

158 3987 361 4012 W

211 4071 240 4139 t)
256 4071 304 4126 tt
315 4083 341 4136 p.
350 4066 465 4128 td-lt.

213 4157 399 4224 *letale
895 4211 898 4218 .

211 4241 239 4310 ⁸)
256 4241 420 4312 φοοιοὶογία
436 4242 599 4307 beelmans
610 4243 679 4308 alibi,
690 4247 736 4298 rei
752 4252 888 4302 naturae
900 4252 1069 4318 cognitionem
1080 4251 1215 4320 significat,
1227 4252 1245 4308 i.
1257 4267 1281 4314 ο.
1292 4253 1373 4322 qualis

158 4328 194 4382 rit
203 4330 334 4395 ςσοιοίοιο
345 4328 486 4380 traditionis
497 4335 590 4380 natura
599 4335 674 4396 atque
686 4335 804 4398 ementis,
816 4337 904 4401 aperit.

214 4411 241 4482 ⁸)
257 4413 353 4467 Suom.
362 4410 409 4468 1v.
419 4428 443 4478 p.
450 4412 515 4468 tete
528 4407 571 4468 Ἥ
579 4404 649 4485 poris
658 4412 730 4472 κατὰ
740 4413 791 4474 τὸν
800 4417 848 4488 τῆς
859 4412 995 4490 dlqflslcr
1003 4413 1273 4492 ιιοιιόιιιγιιιισαιύῐς
1282 4439 1371 4492 usqe·

161 4489 265 4563 δόσεως
276 4497 448 4569 φισιολογίοι,
460 4497 603 4586 mansa}
615 4499 760 4574 ἒποιίιείσ,
777 4499 808 4560 ἐκ
818 4504 870 4560 τοῦ
880 4503 945 4577 ascl
955 4499 1269 4580 ιοομονονίσςζρημσι
1280 4503 1371 4580 λόγου·
1432 4541 1433 4610 γ

162 4578 278 4640 acen
290 4579 481 4658 ἀναβαίνουσα
493 4580 848 4660 arcesseremusne.
1068 4595 1069 4604 ’
1107 4606 1111 4620 ·
1432 4649 1433 4656 γ
