2820 5052
623 317 684 384 169

56 502 373 574 CallimachiCausae
385 507 419 572 et
428 504 653 594 Lycophronis
665 505 853 594 Alexandra
863 502 1040 594 horumque
1056 504 1173 572 similia
1185 507 1264 572 sunt

55 607 136 696 quasi
146 609 391 676 exercitationis
403 628 503 676 causa
514 607 555 674 ad
567 607 791 698 explicandum
808 607 975 696 proposita
986 605 1134 674 omnibus
1144 605 1263 674 Gram-

54 707 177 774 maticis.
222 709 315 776 Nihil
343 730 421 798 ergo
446 712 499 776 est
523 715 652 800 praeter
671 710 936 777 consuetudinem
956 709 1212 787 convenientem,
1235 710 1263 776 si

53 811 176 878 barbara
191 809 414 902 philosophia,
435 835 499 902 qua
514 812 555 879 de
570 834 656 880 nunc
670 813 814 900 agimus,
835 812 961 880 occulte
976 812 1142 902 praedicat
1158 814 1192 878 et
1205 835 1263 901 per

55 913 196 1000 symbola.
219 953 269 964 —
310 915 385 982 Hoc
407 913 479 982 loco
506 917 687 1004 sequnntur
710 914 865 982 nonnulla
885 914 1056 1002 allegorice
1076 915 1263 1003 expositae

58 1015 258 1084 tharacha.
302 1015 431 1084 Deinde
443 1017 551 1107 pergit
570 1017 640 1106 ipsc
656 1040 683 1083 s.
699 1017 893 1104 scripturam
915 1016 981 1082 isto
996 1018 1090 1084 modo
1104 1019 1261 1106 interpre-

59 1117 116 1196 lari,
142 1119 238 1186 velut
263 1117 354 1184 illum
373 1118 494 1197 locum,
521 1141 616 1208 quem
637 1119 702 1186 iam
727 1118 969 1208 transscriham.
991 1157 1033 1168 -
1077 1117 1263 1186 Gloriosa

55 1221 334 1308 magnificatus
350 1224 428 1300 est,
449 1243 588 1312 equum
604 1224 643 1288 et
657 1243 909 1290 ascensorem
925 1221 1072 1288 deiecit
1086 1222 1125 1288 in
1140 1245 1262 1300 marc;

54 1325 336 1415 concupiscentiam
352 1323 563 1412 multiplicem
582 1325 618 1390 et
636 1322 801 1390 beluinum
821 1325 919 1414 atque
934 1323 1151 1412 impetuosum
1166 1326 1262 1392 affec-

53 1427 108 1490 tum
122 1450 188 1494 una
203 1450 282 1494 cum
297 1427 367 1494 eius
388 1425 517 1514 auriga,
543 1425 598 1515 qui
618 1425 760 1492 habenas
781 1425 1004 1516 voluptatibus
1020 1427 1199 1506 remiserat,
1222 1427 1263 1492 in

53 1549 143 1594 mare
171 1529 366 1618 proiecit,
394 1529 429 1596 in
447 1527 559 1594 mundi
583 1527 870 1596 scilicstdeiiciens
893 1519 1165 1618 perturbationes.
1208 1529 1264 1594 Ita

53 1627 136 1696 etiam
151 1630 256 1698 Plato
272 1632 307 1698 in
321 1631 404 1710 libro
418 1631 471 1698 De
486 1630 594 1696 anima
608 1633 643 1697 et
656 1630 803 1717 aurigam
819 1634 853 1698 et
867 1653 1001 1720 equum,
1022 1630 1077 1720 qui
1092 1630 1264 1708 defecerat,

54 1729 102 1800 ic.
117 1737 250 1822 partem
263 1733 398 1800 rationis
413 1735 594 1822 expertem,
619 1756 701 1823 quae
716 1733 872 1822 dipartito
887 1733 1057 1810 dividitur,
1084 1733 1214 1800 inirem
1229 1735 1265 1799 ct

54 1834 269 1922 cupiditatem,
283 1835 364 1902 dicit
377 1835 533 1930 decidere.
577 1835 654 1902 Huc
667 1835 766 1902 etiam
779 1836 923 1925 pertinet
935 1835 992 1902 illa
1006 1835 1046 1902 de
1060 1833 1264 1903 Phaethonte

54 1933 157 2004 fabula.
203 1939 392 2026 Allegorice
407 1939 507 2004 etiam
521 1938 665 2004 narratio
680 1937 721 2002 de
734 1936 760 2004 J
760 1937 876 2026 oseph,
897 1938 963 2004 filio
977 1938 1093 2018 Jacob,
1110 1936 1263 2026 explicari

55 2041 159 2124 potest
205 2040 276 2111 Sed
298 2040 365 2106 iam
395 2039 476 2106 illud
502 2041 758 2108 consideremus:
783 2037 984 2127 Cognovit
1011 2041 1079 2107 bos
1101 2061 1262 2130 posses-

55 2159 165 2210 sorem
201 2165 318 2210 suum
356 2144 395 2208 et
432 2143 570 2210 asinus
603 2165 796 2232 praesepe
827 2142 988 2210 Domini
1022 2142 1098 2220 sui,
1132 2141 1263 2208 lsrael

56 2247 173 2312 autem
202 2267 263 2312 me
291 2268 367 2312 non
394 2245 612 2312 intellexit.
655 2243 706 2310 Ne
733 2245 807 2335 quis
829 2243 932 2332 igitur
957 2267 998 2312 ex
1017 2245 1072 2311 eis
1094 2249 1126 2330 (e
1144 2243 1263 2334 populo

56 2340 223 2416 Dominum
241 2341 315 2414 ¹uon
333 2347 567 2434 intelligente),
599 2365 699 2438 quum
723 2347 873 2414 inciderit
892 2349 926 2414 in
947 2348 1163 2436 cognitionem
1183 2371 1204 2414 a
1222 2349 1263 2414 te

56 2443 172 2515 doctam
186 2473 250 2518 nec
264 2450 372 2540 possit
386 2450 551 2518 continere
565 2451 752 2530 veritatem,
774 2473 839 2517 non
854 2449 1001 2529 obediat,
1022 2473 1103 2519 neve
1118 2451 1262 2518 excidat:

56 2545 92 2613 sis
107 2555 224 2622 cautus
239 2554 275 2620 in
288 2575 352 2618 usu
366 2551 455 2620 verbi
463 2578 473 2630 3
495 2575 603 2620 coram
617 2553 680 2640 eis,
704 2553 759 2640 qui
774 2557 902 2644 praeter
915 2545 1073 2620 rationem
1094 2553 1262 2632 accedunt,

56 2652 174 2722 occlude
188 2655 361 2738 lautomia
375 2655 534 2744 profundo
549 2655 721 2734 viventem,
743 2661 855 2746 potum
871 2660 980 2722 autern
995 2655 1114 2744 praebe
1129 2656 1187 2734 eis,
1209 2656 1264 2746 qui

55 2751 185 2824 sitierint
199 2759 384 2831 veritatem.
427 2759 492 2826 His
508 2781 593 2837 vero,
617 2759 677 2848 qui
688 2759 882 2855 cognitionis
898 2759 1103 2826 altitudinem
1119 2759 1264 2846 accipere

9 2861 10 2866 ’
55 2865 223 2946 nequeunt,
239 2861 446 2948 tegclacum.
489 2861 651 2928 Dominus
667 2865 776 2928 autem
791 2861 892 2938 lacus,
907 2861 977 2950 ipse
992 2860 1121 2950 quidem
1136 2861 1263 2948 gnosti-
1399 2865 1400 2876 ¹

55 2975 111 3038 cus,
126 2962 353 3043 mulctabitur,
374 2967 413 3030 ut
426 2963 461 3028 in
476 2984 572 3052 quem
587 2961 682 3052 culpa
696 2964 896 3045 conferatur,
925 2962 1011 3052 quod
1025 2961 1078 3026 ille
1093 2961 1192 3028 luerit
1213 2961 1263 3028 oi-
1398 3009 1400 3016 ·

56 3055 154 3132 iensus
175 3069 215 3134 et
228 3061 317 3132 verbi
337 3063 561 3152 magnitudine
582 3065 772 3156 absorptus,
801 3065 892 3154 parvi
911 3063 1001 3131 verbi
1021 3063 1126 3130 adhuc
1149 3085 1262 3154 capax,

56 3162 97 3228 rel
111 3171 197 3257 quod
212 3167 395 3258 operarium
415 3167 576 3235 hominem
591 3159 775 3236 traduxerit
795 3167 837 3234 ad
856 3167 1177 3258 contemplationem,
1201 3189 1265 3257 qua

56 3271 213 3340 occasione
228 3290 301 3337 eum
316 3293 336 3338 a
349 3270 412 3338 fide
428 3273 545 3359 sponte
561 3277 712 3361 suscepta
727 3269 943 3353 abduxerit1).

109 3371 176 3442 Sed
189 3373 290 3442 nimio
305 3371 444 3462 quodam
459 3374 701 3442 demonstrandi
717 3373 836 3452 studio,
851 3371 1023 3462 plusquam
1038 3392 1097 3460 par
1114 3372 1167 3449 sit,
1188 3393 1262 3460 pro-

56 3487 179 3552 gressus
192 3498 265 3544 esse
277 3475 396 3542 videor.
418 3477 499 3544 Vita
509 3476 595 3542 euim
606 3499 657 3544 me
666 3475 803 3554 deficiet,
815 3497 870 3542 ecs
883 3494 1005 3551 omnes,
1021 3474 1076 3563 qui
1089 3473 1263 3562 symbolice

56 3569 324 3668 philosophantur,
339 3583 570 3646 recensentem.
614 3576 792 3644 Memoriae
806 3577 908 3665 igitur
919 3599 1018 3642 causa
1033 3579 1066 3642 ct
1081 3576 1262 3654 brevitatis,

57 3675 85 3738 tt
97 3682 134 3744 ut
147 3680 294 3750 homines
310 3681 352 3748 ad
374 3681 545 3748 veritatem
561 3703 595 3746 se
614 3679 837 3760 intenderent,
858 3681 937 3748 talia
952 3681 1140 3748 barbaricae
1159 3677 1263 3768 philo-

58 3779 178 3866 sophiae
193 3787 273 3852 sunt
289 3784 420 3874 scripta.
464 3782 603 3853 Accedit
617 3789 737 3862 autem,
753 3785 839 3874 quod
853 3785 970 3862 omnia,
986 3806 1068 3873 quae
1083 3781 1264 3850 velamento

58 3884 186 3964 quodam
202 3887 429 3964 ostenduntur,
444 3885 598 3952 maiorem
619 3887 655 3952 et
668 3887 889 3973 augustiorem
909 3886 1062 3954 exhibent
1080 3883 1263 3961 veritatem,
1397 3919 1400 3930 κη

59 3988 337 4064 quaemadmodum
351 3989 489 4066 fructus,
505 3988 608 4079 quiin
623 4010 707 4078 aqua
722 3988 893 4077 pellucent,
910 3992 944 4056 et
959 3988 1090 4066 iormae,
1109 4009 1191 4076 qnae
1205 4007 1263 4075 per

59 4077 239 4170 crumena
268 4093 448 4160 concedunt
473 4089 613 4180 aliquam
636 4090 687 4156 sui
717 4090 920 4158 evidentiam.
965 4089 1092 4173 Quodsi
1116 4087 1263 4178 pluribus

59 4187 152 4256 mods
167 4185 289 4284 scripta
302 4193 378 4260 licet
397 4192 559 4282 accipere,
581 4191 667 4260 sicut
681 4195 768 4260 certe
783 4192 973 4282 accipimus,
996 4191 1120 4260 fallitur
1135 4191 1263 4282 quidem

61 4279 199 4362 indoctus
214 4299 249 4362 ct
262 4295 443 4386 imperitus,
464 4293 706 4384 comprehendit
720 4297 829 4362 autem
844 4295 1024 4382 gnosticos.
1069 4295 1093 4362 J
1094 4318 1146 4360 am
1161 4295 1264 4382 igitur

62 4404 114 4458 1¹20
126 4397 323 4486 quibuslibet
336 4397 451 4468 volunt
465 4396 572 4466 omnia
586 4397 703 4488 exponi
715 4400 847 4476 temere,
868 4419 928 4466 nec
938 4396 1166 4466 communicari
1178 4397 1264 4464 bona

64 4520 252 4550 κνῆ-...-

111 4613 142 4686 ¹)'
150 4635 175 4687 r.
186 4617 333 4680 clo-tlt.
