2830 5052
588 335 650 404 125

48 523 185 615 ‚dequeo
222 524 371 592 Denml“
415 521 507 604 Quos
556 523 665 588 autem
695 519 859 612 poenituit
894 520 1115 616 peecatorum,
1145 519 1236 588 velut

48 625 165 703 Henoob,
184 625 234 692 bis
258 626 339 694 deus
365 623 493 693 veniam
508 623 668 710 largitur,
694 643 778 712 quae
796 620 928 712 quidem
949 642 1015 688 uon
1034 621 1103 686 tam
1122 620 1157 686 in
1176 643 1229 687 re·

49 727 170 794 missione
189 729 353 807 consistit,
380 749 477 816 quam
502 725 536 792 in
563 723 731 792 medicina.
786 723 883 792 Unde
913 723 987 814 quis
1018 744 1059 790 ex
1092 720 1227 790 Graecis

50 829 215 916 sapientibus
240 830 340 896 dixit:
370 827 498 908 „Venia
522 831 575 893 est
591 825 703 894 melior
718 827 907 918 suppliei0,“
928 863 971 878 ·-
997 824 1122 892 Multas
1145 823 1231 892 enim

51 927 139 997 Gaesi
152 913 312 1022 sapientes
327 927 507 998 sententias
524 929 735 1016 gravissimas
756 951 798 996 ex
818 951 900 996 sacr.
921 925 1099 1017 Scripturis
1119 932 1230 996 mutu·

53 1031 82 1096 ati
96 1035 172 1100 sunt.
215 1031 316 1100 llelut
335 1029 433 1096 illud:
456 1030 632 1119 „sponda
648 1053 733 1098 noxa
754 1035 885 1120 praesto
906 1033 998 1107 est;“
1021 1033 1056 1096 et
1075 1029 1230 1098 alterum:

52 1132 146 1210 ,llosoe
158 1137 190 1200 te
203 1133 343 1222 ipsum.“
358 1169 399 1182 -
416 1129 481 1198 Sed
492 1137 673 1220 purgantur
679 1136 823 1222 peccata,
839 1132 907 1203 sive
918 1133 1136 1221 poenitentiae
1146 1135 1233 1200 fruc-

51 1236 288 1302 tosoontiuentnr
302 1232 513 1321 eleemosynis
528 1237 563 1302 et
576 1234 656 1314 fide3
678 1235 793 1304 timore
812 1237 922 1302 autem
941 1234 1076 1304 Domini
1096 1236 1234 1326 quilibet
1271 1239 1277 1248 ’

50 1336 340 1425 declinatama101),
802 1359 806 1368 ·

94 1440 148 1507 Hic
160 1443 269 1510 autem
285 1439 425 1526 surgunt
447 1440 668 1516 accusatores,
689 1436 845 1524 gaudium
862 1440 897 1506 et
916 1437 1066 1520 timorem
1086 1439 1232 1508 dieentes

51 1541 122 1608 ouini
135 1565 201 1610 esse
215 1540 488 1630 perturbationes.
530 1539 598 1606 Nos
620 1561 714 1627 ergo,
736 1540 847 1618 oredo,
866 1562 1031 1626 nunquam
1052 1541 1232 1628 scripturas

52 1653 169 1728 osprand:
183 1637 365 1731 intelligere
379 1642 494 1729 deique
509 1642 606 1708 nullis
621 1641 750 1710 omnino
765 1639 1065 1738 pertmbetionibus
1082 1641 1230 1722 subiecti,

52 1743 216 1814 uoluntatem
232 1745 355 1814 nostris
370 1742 595 1812 affectionibus
616 1743 807 1813 assimulare
827 1743 1020 1812 desinimusl
1064 1744 1115 1810 At
1133 1743 1234 1810 euim-

53 1863 104 1938 aepo
115 1846 211 1928 Deus,
227 1849 329 1936 prout
342 1845 443 1912 estin
459 1869 505 1924 se,
520 1846 583 1912 diri
597 1868 730 1935 prorsus
746 1847 869 1934 nequit.
908 1845 976 1914 Sed
990 1851 1147 1933 quantum
1162 1845 1233 1913 fieri

56 1949 177 2040 potuerit,
196 1953 239 2018 ut
252 1947 563 2035 nosintelligapnue,
589 1952 737 2028 tantum,
764 1949 906 2016 Domino
931 1949 1106 2016 salubriter
1131 1973 1165 2018 se
1191 1948 1234 2016 ad

58 2043 180 2120 horinum
194 2050 452 2120 imbecillitatem
468 2051 739 2142 accommodante,
756 2051 933 2139 prophetae
946 2051 1040 2118 nobis
1052 2052 1233 2118 edixerunt.

58 2145 180 2228 Quoniam
193 2154 309 2242 igitur,
324 2151 454 2220 utatis
469 2157 626 2229 servetur,
647 2154 702 2238 qui
717 2157 812 2240 paret
826 2154 1024 2242 praeceptis,
1045 2154 1154 2240 isque,
1177 2153 1233 2240 qui

53 2257 223 2336 peccatorum
242 2277 374 2322 suorum
390 2253 623 2343 poeniteutiam
638 2255 719 2342 agit,
734 2255 787 2322 dei
800 2255 952 2324 voluntas
963 2259 1030 2334 est;
1052 2278 1112 2322 nos
1123 2259 1234 2324 autem

52 2360 152 2442 papas
164 2361 312 2428 nostram
327 2356 674 2443 salutem'gaudemue:
696 2355 934 2426 hancnostrasn
946 2358 1104 2426 laetitiam
1116 2357 1234 2426 Domi·

52 2474 102 2536 uus,
115 2462 164 2546 qni
177 2462 308 2530 locutus
323 2461 377 2526 est
390 2482 448 2548 per
462 2458 648 2548 prophetas,
668 2463 708 2528 ut
726 2459 890 2549 propriam
912 2461 974 2528 sibi
994 2461 1160 2540 attribuit,
1184 2461 1235 2528 di-

51 2575 105 2626 cens
117 2563 208 2632 etiam
224 2563 363 2630 humane
376 2562 412 2628 in
430 2561 626 2649 Evangelio:
649 2561 821 2641 ,‚llsurivi,
842 2566 876 2628 et
895 2561 1127 2630 dedistismihi
1141 2588 1234 2632 man·

51 2655 152 2744 iurares
175 2665 277 2744 sitivi,
292 2669 327 2733 et
340 2663 477 2732 dedistis
492 2665 570 2732 mibi
585 2663 709 2732 biberes
732 2665 820 2752 qnod
833 2663 919 2730 euim
934 2665 991 2732 uni
1004 2665 1118 2734 horum
1138 2668 1234 2734 mini-

49 2778 146 2832 morum
166 2751 309 2846 le'cistis,
334 2767 413 2834 mibi
433 2765 592 2834 fecistis.“
636 2767 916 2849 Quemadmodum
940 2790 1019 2856 ergo
1041 2791 1076 2836 se
1092 2770 1135 2836 ali
1155 2769 1237 2838 dicit

50 2859 204 2945 decadum
220 2891 320 2958 egens
336 2869 444 2947 alitur,
461 2868 608 2955 quamvis
628 2869 699 2956 ipse
720 2869 851 2938 minime
872 2869 975 2936 eltusa
999 2871 1046 2937 sic
1065 2871 1236 2940 nibilmu·

50 2965 118 3036 tetus
130 2974 280 3058 gravisus
296 2995 368 3040 esse
380 2971 532 3050 creditur,
543 2993 642 3058 quum
653 2971 694 3050 ie,
704 2993 798 3056 quem
809 2976 1017 3059 peecatorum
1026 2971 1235 3060 poenituerit,

49 3069 143 3150 gaudio
156 3074 257 3142 luerit
270 3074 416 3140 affectus.

97 3171 251 3256 Quoniam
265 3179 375 3242 autem
395 3176 474 3242 deus
496 3172 655 3262 benignus
676 3173 855 3242 abundanti
875 3176 928 3241 est
945 3173 1238 3256 miseritordia,mt

64 3270 90 3337 ui
101 3283 268 3369 praecepta
283 3277 408 3344 dederit
422 3300 480 3366 per
499 3277 637 3364 Legem,
659 3299 717 3365 per
736 3275 934 3365 Prophetae,
955 3277 1083 3370 iamque
1102 3280 1235 3369 propin-

65 3374 123 3444 uius
137 3404 192 3468 per
205 3381 263 3448 filii
278 3381 464 3459 adventum,
479 3379 637 3470 quomodo
648 3379 853 3448 miseratione
864 3385 1112 3460 commoveatur,
1125 3383 1236 3450 viden-

66 3497 108 3544 om
120 3488 177 3550 est.
204 3483 339 3572 Proprie
353 3483 455 3572 igitur
469 3484 622 3550 maiorem
636 3483 769 3550 miseret
784 3483 935 3562 minutim
958 3487 994 3552 at
1007 3485 1115 3552 nullus
1129 3486 1235 3566 homo,

50 3595 98 3660 qua
120 3585 209 3665 talis,
241 3585 368 3657 bomine
391 3586 508 3665 maior3
537 3607 641 3672 neque
666 3607 744 3674 ergo
771 3587 929 3674 proprie
950 3586 1112 3654 bominem
1135 3589 1236 3657 ullum
1328 3613 1330 3618 ·

50 3680 265 3756 misericordem
278 3710 351 3756 esse
365 3688 519 3758 dicemus.
557 3689 790 3776 Unusquisque
804 3689 899 3769 enim,
917 3689 1073 3776 quidquid
1088 3692 1237 3780 largitur,

49 3775 73 3844 ll
83 3784 173 3857 babet
186 3814 206 3858 a
220 3790 281 3858 deo
294 3794 473 3880 acceptum.
515 3791 584 3858 Neo
598 3814 693 3880 porro
708 3790 878 3877 quisquam
893 3791 1005 3860 eadem
1024 3797 1123 3884 atque
1143 3794 1235 3879 deus,

50 3901 129 3955 teum
146 3893 396 3966 communicabit
415 3894 508 3960 bona.
550 3892 634 3960 Nam
661 3894 806 3962 homines
826 3899 885 3964 ant
903 3899 1037 3985 propter
1054 3897 1237 3970 naturalem

50 3993 188 4068 quandam
203 3993 457 4068 benevolentiam
472 3999 570 4082 atque
584 3995 742 4076 habitum,
758 3999 816 4064 aut
834 4001 1017 4089 praeceptis
1040 4001 1157 4069 divinis
1178 4005 1247 4080 ob„

51 4097 160 4164 secutus
174 4098 298 4165 donant
311 4100 392 4188 ipsis
406 4099 536 4182 donata.
551 4151 556 4154 -
581 4099 631 4166 At
645 4123 720 4168 nero
735 4121 830 4168 nemo
849 4102 945 4170 deum
963 4102 1236 4192 htbituouodam

50 4195 169 4266 naturali
181 4202 216 4268 in
230 4224 289 4270 nos
305 4225 378 4270 esse
392 4201 628 4270 misericordem
643 4202 853 4282 asseveratis,
868 4205 932 4272 nisi
946 4205 1002 4292 qui
1016 4228 1076 4273 nos
1091 4208 1149 4276 dei
1158 4234 1235 4300 par·

51 4289 103 4362 tem
116 4322 184 4404 esse
196 4307 357 4392 quandum
372 4306 477 4374 dicere
492 4327 591 4372 ausus
606 4304 721 4385 fuerit,
742 4305 793 4374 vel
812 4305 955 4374 eiusdem
975 4331 1047 4376 oum
1066 4333 1104 4378 eo
1124 4335 1236 4384 essen·

52 4391 111 4465 tias.
149 4407 213 4478 Sed
227 4432 331 4499 neque
344 4409 439 4478 deum
455 4406 609 4494 cognovit
622 4429 725 4496 neque
738 4407 909 4490 hominem,
930 4411 985 4498 qui
1004 4433 1072 4482 rem
1092 4418 1161 4484 tam
1180 4417 1236 4487 ab·
1358 4455 1379 4480 κ

53 4545 231 4582 ⁸*··-——-...

95 4640 116 4708 ¹)
130 4662 152 4714 o·
162 4649 306 4708 sos-sco.
