2820 5052
655 333 859 433 Ali„-

11 529 12 532 ’
150 546 261 606 rerum
278 521 376 589 etiam
399 519 528 588 Graeca
546 518 751 608 philosophia
769 517 967 610 compilavit.
1009 520 1064 587 lta
1077 519 1210 608 quidem
1223 517 1357 589 Platoin

150 649 245 717 opere
260 625 300 690 de
314 623 502 714 Republica,
518 621 573 688 ubi
588 623 733 689 homines
748 623 846 710 ignei,
867 623 889 688 i.
905 645 932 689 e.
946 622 1067 710 Angeli
1082 621 1267 712 punientes,
1280 623 1356 710 ignis

149 729 239 794 fluvii
253 728 462 793 inveniuntur
476 730 646 811 terraeque
664 725 816 807 altitudo,
838 747 935 812 quam
955 725 1026 814 ipse
1046 726 1172 814 poetice
1190 722 1356 792 Tartarum

148 831 338 908 nominavit,
354 827 483 894 barbari
499 830 607 893 autem
622 850 790 914 geennam.
833 827 982 913 Agnovit
996 828 1095 894 etiam
1109 827 1259 916 Angelos
1272 851 1356 918 prae·

149 933 237 1000 sides
252 955 290 998 ac
304 931 473 1010 tutelares,
494 929 536 994 ad
556 952 637 1016 quos
657 931 767 996 nescio
786 951 829 996 an
849 929 995 997 Socratis
1016 931 1222 1000 daemonium
1242 935 1357 1018 quoque

25 1099 29 1110 ,
150 1034 356 1126 spectaverit.
379 1033 552 1099 Praeterea
563 1035 672 1112 autem
688 1037 878 1120 generatum
893 1055 965 1100 esse
976 1033 1132 1102 mundum
1145 1034 1301 1112 ostendit,
1315 1032 1357 1098 id·

149 1161 212 1225 que
227 1137 268 1202 ab
282 1136 355 1224 ipso
369 1137 440 1213 deo,
463 1137 619 1220 tanquam
635 1157 655 1199 a
669 1139 762 1222 patre
781 1136 894 1214 filium,
915 1137 973 1202 sed
992 1159 1034 1203 ex
1048 1135 1149 1204 nihilo
1167 1138 1356 1224 generatum.

148 1239 327 1306 Diabolum
343 1239 474 1315 deinde,
499 1259 595 1323 quem
615 1235 755 1304 barbara
780 1237 984 1327 philosophia
1007 1237 1153 1328 appellat
1175 1229 1356 1306 dulemonun

148 1341 336 1433 principem,
350 1341 448 1420 Plato
462 1339 690 1405 maleficum
705 1340 875 1406 animum
889 1343 995 1410 vocat.
1039 1333 1200 1408 Similiter
1213 1339 1356 1406 mnndum

148 1445 299 1531 agnoscit
313 1443 451 1509 barbara
464 1441 666 1532 philosophia
681 1442 853 1532 duplicem,
872 1442 1011 1510 alterum
1029 1447 1139 1510 mente
1159 1441 1355 1533 comprehen-

147 1547 298 1624 dendum,
315 1545 469 1632 sensibus
480 1544 719 1634 percipiendum
734 1547 883 1624 alterum,
899 1541 1046 1634 equibus
1056 1543 1111 1613 ille
1124 1546 1170 1612 sit
1181 1546 1354 1633 ἀρχέτυπα,

147 1649 200 1716 hic
221 1669 296 1715 vero
316 1648 473 1737 praeclari
499 1647 691 1735 exemplaris
716 1645 836 1735 imago.
880 1647 920 1712 In
944 1667 1025 1736 quos
1050 1645 1202 1714 Platonis
1230 1643 1356 1736 quadrat

147 1752 288 1818 mundus
302 1750 447 1816 idearum
463 1772 535 1815 cum
550 1749 622 1826 hoc,
638 1771 733 1838 quem
745 1751 917 1829 cernimus,
932 1749 1061 1814 mundo.
1082 1748 1168 1815 Tum
1179 1769 1258 1816 vero
1273 1747 1355 1832 Moy·

149 1876 202 1920 sea
218 1875 335 1941 corpus
354 1856 496 1919 eterra
515 1853 701 1918 concretum
716 1874 788 1919 esse
803 1853 908 1930 docet,
928 1851 1014 1941 quod
1033 1853 1239 1918 terrenum
1258 1873 1282 1942 a
1291 1849 1355 1915 Pla·

126 1959 225 2030 ¹tone
251 1956 460 2044 nuncupatur
483 1953 805 2032 tabernaculum
828 1953 971 2018 animum
996 1955 1106 2020 autem
1124 1954 1256 2044 ratione
1275 1971 1354 2042 prae·

149 2057 252 2124 ditum
265 2057 400 2124 coelitus
413 2079 432 2122 a
446 2057 506 2122 deo
518 2055 676 2122 infaciem
688 2056 891 2147 inspiratum.
914 2051 1026 2144 Caput
1035 2055 1138 2143 igitur
1148 2056 1250 2124 animi
1262 2052 1353 2120 sedem

149 2183 221 2228 esse
235 2161 316 2227 dicit
330 2159 437 2226 Plato.
483 2159 549 2226 Est
563 2163 673 2241 autem
701 2161 748 2226 ad
762 2158 974 2246 imaginem
998 2160 1039 2224 et
1063 2157 1353 2225 similitudinem

147 2264 211 2330 dei
234 2264 351 2329 factus.
395 2263 509 2348 Imago
531 2263 617 2328 enim
642 2263 694 2328 dei
713 2263 826 2349 Logos
846 2263 905 2354 ⁸est
928 2259 1058 2327 divinus
1082 2281 1121 2328 ac
1134 2261 1259 2350 regius,
1274 2259 1353 2325 homo

149 2367 288 2452 ἀπαθής;
311 2365 464 2452 imaginis
480 2371 588 2431 autem
604 2367 711 2452 imago
726 2387 818 2431 mens
832 2363 988 2442 humana,
1009 2364 1102 2431 cuiue
1123 2361 1352 2430 similitudinem

149 2467 297 2555 ponimus
313 2463 531 2532 inaffectione
547 2469 696 2554 quadam,
713 2489 777 2554 qua
787 2467 941 2532 mandata
955 2465 1025 2532 eiu'e
1037 2466 1253 2534 custodimus.
1275 2463 1351 2547 Qut·

147 2573 281 2656 propter
296 2569 399 2636 Stoici
408 2563 635 2657 “philosophiae
655 2570 752 2636 finem
774 2589 846 2635 esse
867 2568 1035 2634 dixerunt:
1058 2569 1288 2649 convenienter
1305 2583 1352 2630 na·

149 2673 242 2737 turae
258 2669 295 2754 (i.
311 2691 339 2736 e.
360 2671 430 2736 deo·
441 2693 481 2737 ex
503 2671 649 2758 ipsorum
671 2671 849 2760 sententia)
870 2670 992 2748 vivere;
1014 2670 1112 2738 Plato
1133 2675 1254 2740 autum
1263 2670 1351 2757 ipsam

148 2795 222 2839 oum
242 2775 302 2838 deo
325 2771 579 2841 similitudinem.
624 2774 722 2841 Unde
746 2773 844 2840 etiam
865 2777 1102 2860 consequenter
1120 2797 1234 2842 omncs
1255 2772 1351 2841 henot

148 2897 247 2962 quum
263 2874 366 2942 simile
388 2875 486 2942 simili
506 2875 659 2964 gaudeat,
679 2875 799 2942 amicos
820 2897 893 2942 esse
912 2876 1064 2942 affirmat.
1108 2876 1156 2943 Et
1180 2877 1256 2944 finis
1280 2871 1350 2940 illiut

148 2977 382 3044 beatitudinem
395 2979 521 3046 indicat
534 2979 569 3044 in
589 2978 735 3047 Timaeo.
779 2977 852 3044 Non
872 2977 1017 3044 cessabit
1035 2979 1132 3056 enim,
1152 2981 1210 3067 qui
1231 2971 1351 3066 quaerit

148 3076 250 3148 donec
272 3081 447 3161 invenerit3
470 3081 570 3170 quum
598 3083 706 3148 autem
732 3080 908 3160 invenerit,
941 3080 1170 3160 admirabitur,
1204 3078 1349 3149 admiars

149 3187 257 3249 autem
277 3183 445 3271 regnabit,
472 3207 613 3272 regnans
627 3184 831 3272 requiescet.
875 3183 994 3250 Thales
1015 3206 1112 3273 porro
1131 3183 1229 3252 deum
1249 3175 1350 3250 omniu

148 3286 247 3352 etiam
267 3285 432 3352 hominum
457 3287 672 3376 cogitationes
701 3287 782 3358 scire
808 3287 927 3354 docuit.
972 3285 1038 3353 Sed
1057 3285 1139 3354 illud
1159 3305 1300 3374 quoque,
1318 3271 1350 3342 ad

147 3385 336 3460 felicitatem
353 3389 499 3457 sufficere
514 3391 679 3469 virtutem,
696 3389 814 3480 prohat
829 3411 855 3454 s.
873 3387 1045 3476 scriptura,
1060 3389 1181 3456 honum
1196 3378 1350 3480 apellando

149 3489 260 3570 vitam,
276 3493 414 3558 mortem
429 3491 559 3560 malum.
603 3493 689 3558 Boni
704 3497 813 3559 autem
828 3495 863 3557 et
876 3491 964 3557 vitae
974 3513 1059 3558 unus
1074 3496 1128 3560 est
1140 3491 1232 3559 finis:
1254 3503 1349 3556 aman·

147 3595 213 3660 tem
231 3615 303 3660 esse
318 3595 379 3660 dei.
406 3595 573 3664 Virtutem
589 3597 697 3661 autem
713 3596 754 3660 aa
767 3593 957 3660 felicitatem
973 3577 1120 3662 sufficere
1136 3595 1263 3663 stoicos
1277 3589 1348 3654 aar

148 3700 182 3765 et
197 3693 366 3764 Platonem
387 3702 529 3764 constat.
575 3697 640 3764 Sed
660 3697 701 3763 ab
723 3695 929 3774 Aristobulo,
950 3695 1139 3764 Ptolemaeo
1153 3686 1347 3777 Philadelpho

146 3801 304 3888 regnante
323 3799 417 3866 multi
441 3800 531 3880 libri,
552 3799 669 3887 quibus
689 3797 923 3887 philosophiam
941 3798 1194 3887 Peripateticum
1213 3823 1254 3868 ex
1272 3793 1347 3874 Lege

12 3941 19 3956 ι
148 3903 297 3990 Moyseia
324 3901 459 3988 aliisque
484 3901 679 3992 pependisse
705 3899 894 3990 Prophetis,
917 3901 1051 3990 prohat,
1077 3901 1251 3993 conscripti
1274 3889 1345 3963 sunt

149 4003 339 4088 Quinetiam
351 4005 470 4072 iratres
486 4027 642 4083 essenos,
658 4007 814 4091 tanquam
834 4005 930 4070 unius
951 4004 1004 4070 dei
1020 4005 1104 4072 filios
1125 4001 1345 4096 discipulosque

146 4107 289 4174 doctoris
304 4107 401 4172 unius
417 4105 514 4172 Plato
529 4107 562 4173 in
577 4129 673 4196 opere
688 4107 727 4173 dc
742 4107 822 4194 Rep.
839 4105 971 4179 disertis
987 4107 1096 4174 verbis
1111 4106 1273 4196 exposuit
1313 4091 1345 4158 11¹

149 4232 213 4298 quo
228 4209 327 4276 etiam
341 4209 464 4276 indicat
478 4209 638 4299 triplicem
653 4209 898 4298 rempublicam,
921 4231 1018 4275 unam
1039 4215 1227 4298 argenteam
1245 4197 1343 4271 Indue·

148 4335 250 4390 orum,
266 4311 402 4379 ferream
418 4311 552 4380 alteram
569 4311 778 4391 Graecorum,
794 4295 925 4379 tertiam
942 4309 1202 4380 Christianorum
1222 4315 1343 4376 auream·

32 4416 43 4432 '
149 4392 390 4484 ln'l'heaeteto
412 4419 521 4484 summ
538 4413 798 4483 Christianorum
817 4415 918 4483 vitam
944 4415 1128 4504 descripsit.
1171 4413 1218 4482 Et
1235 4399 1341 4494 Pytha·

149 4541 245 4608 goras
261 4517 400 4608 quidem,
418 4519 570 4589 Socrates
586 4521 684 4606 atque
698 4515 805 4596 Plato,
827 4518 950 4606 quidsi
971 4533 1006 4586 se
1023 4525 1143 4587 vocem*
1156 4515 1262 4585 audire
1278 4519 1341 4572 con·
1394 4549 1397 4556 .

149 4621 296 4704 firmant,
321 4624 399 4731 dum
424 4623 521 4692 huius
547 4643 656 4692 rerum
680 4619 905 4690 universitatis
928 4619 1101 4710 lubricam,
1127 4643 1224 4713 quam
1244 4615 1347 4724 munli!

1377 4931 1399 5008 i
