2820 5052
610 318 683 386 '255

546 407 749 420 m

620 541 683 626 §4-
791 501 854 512 ”

360 671 419 739 De
440 671 559 740 buius
581 674 679 742 libri
701 676 943 780 argumento.
1029 713 1032 720 =

106 825 171 909 Qui
191 825 312 896 divites
331 825 429 892 nimis
450 827 590 918 efferunt
615 827 782 907 laudibus,
808 849 873 894 non
900 827 1002 924 solum
1028 825 1199 896 adulantes
1224 833 1259 898 et

53 929 217 996 illiberales
244 951 318 996 esse
340 929 504 1008 videntur,
531 953 641 998 verum
668 931 759 1020 impii
784 935 883 1018 atque
904 929 1068 1008 insidiosi3
1101 950 1184 1016 quae
1208 931 1261 998 dei

53 1035 129 1110 sunt,
151 1033 305 1098 tribuunt
325 1031 498 1111 divitibus,
525 1055 606 1120 quoa
628 1057 648 1100 a
668 1034 773 1101 salute
798 1037 930 1099 aeterna
953 1031 1135 1120 impediunt
1156 1033 1258 1122 impe·
1325 1073 1332 1090 ι

52 1135 168 1200 tranda.
215 1133 401 1202 Fastidium
417 1135 502 1200 enim
519 1155 640 1215 eorum,
662 1135 755 1222 quasi
768 1134 837 1222 igni
851 1135 960 1222 ignem
975 1132 1174 1214 adiicientes,
1189 1127 1260 1202 lau·
1365 1145 1373 1162 ’

53 1235 148 1304 dando
164 1239 300 1324 augent.
344 1235 464 1302 Melius
480 1241 532 1304 est
546 1237 754 1318 hauddubie,
775 1241 809 1304 et
829 1259 920 1302 orare
943 1257 1003 1324 pro
1021 1236 1080 1314 eis,
1102 1241 1145 1312 et,
1166 1237 1258 1302 adiu-

52 1344 137 1406 vante
153 1337 341 1408 servatoris
357 1339 474 1424 gratia,
490 1341 533 1406 ad
546 1340 717 1406 veritatem
732 1361 787 1406 eos
803 1337 929 1416 ducere,
940 1337 1152 1404 utbenelioiis
1164 1359 1258 1426 prae-

52 1441 137 1508 statis
162 1439 360 1508 excellentes
386 1441 474 1508 vitae
497 1445 647 1509 aeternae
673 1440 851 1529 praemium
879 1441 1057 1528 reportent.
1111 1439 1259 1526 Namque

50 1541 176 1611 divitum
199 1543 290 1611 salus
311 1543 418 1610 salute
438 1567 616 1634 pauperum
643 1543 803 1611 difficilior
828 1545 964 1610 estnon
983 1563 1048 1608 una
1067 1545 1196 1608 tantum
1217 1562 1258 1608 ex

49 1665 144 1725 causa,
165 1649 201 1712 et
228 1647 368 1713 divitum
394 1647 534 1734 quidem,
562 1647 680 1733 quibus
706 1647 810 1713 virtus
836 1644 1020 1713 Servatoris
1046 1647 1144 1730 atque
1168 1644 1256 1710 salus

49 1748 203 1832 praeclara
218 1749 351 1836 cognita
366 1753 434 1828 est3
457 1749 497 1814 de
513 1746 584 1814 aliis
595 1771 682 1816 nunc
692 1752 798 1852 taceo]
819 1750 907 1816 Sunt
920 1750 1040 1829 autern,
1054 1746 1109 1833 qui
1123 1751 1258 1836 propter

49 1847 116 1916 illud
134 1851 292 1918 Domini:
314 1851 480 1930 „Facilius
496 1853 550 1917 est
569 1851 726 1917 camelum
741 1855 825 1918 etc.“
841 1851 964 1929 atatim,
980 1873 1079 1936 quum
1096 1851 1135 1916 de
1151 1849 1257 1918 salute

50 1954 168 2018 aeterna
183 1953 370 2042 desperent,
385 1955 446 2022 hac
460 1953 529 2020 vita
545 1953 614 2020 sola
627 1953 692 2020 frui
707 1955 871 2022 studeant.
895 1954 963 2018 Alii
978 1975 1053 2035 ¹vero
1067 1952 1257 2040 intelligunt

50 2051 166 2138 quidem
186 2056 314 2122 dictum
329 2056 421 2135 illud,
436 2079 495 2122 neo
510 2058 630 2134 tamen,
654 2057 826 2123 severitate
846 2055 1026 2134 deficiente,
1047 2055 1169 2121 divitiis
1186 2057 1254 2122 suia

49 2158 122 2223 recte
136 2159 280 2224 utuntur
294 2157 725 2225 ad'salutem'redimendam.
750 2147 816 2242 Qui
827 2157 930 2245 igitur
940 2158 1089 2224 veritatis
1101 2157 1255 2224 fratrum·-

50 2278 100 2340 que
123 2283 234 2328 amore
254 2262 417 2339 tenantur,
437 2261 471 2325 hi
493 2259 650 2327 divitibus
670 2261 794 2328 vocatis
815 2281 921 2346 neque
938 2259 1130 2338 irascantur,
1152 2282 1256 2346 neque

49 2357 117 2426 lucri
143 2385 246 2430 causa
269 2363 487 2451 assentando,
516 2363 573 2428 sed
600 2385 679 2429 sana
701 2363 871 2429 verborum
895 2360 1029 2427 Domini
1055 2353 1256 2451 expositione

48 2459 161 2530 inanem
177 2465 219 2532 de
235 2465 351 2531 animis
367 2487 478 2532 eorum
492 2468 615 2532 metum
630 2465 779 2532 auferant
798 2465 1084 2550 demonstrentque
1099 2487 1164 2530 non
1181 2485 1253 2532 esse
1290 2489 1298 2506 ⁸
1340 2481 1342 2496 “

48 2561 226 2646 timendum,
243 2567 299 2633 ubi
313 2568 438 2635 timoris
454 2568 562 2635 nullus
577 2569 667 2634 locus
684 2567 738 2646 sit,
752 2569 858 2633 totam
871 2567 1008 2634 salutem
1018 2591 1058 2633 ex
1071 2567 1254 2633 obedientia

50 2684 114 2752 erga
129 2669 243 2736 divina
257 2669 410 2736 mandata
425 2671 575 2759 pendere,
598 2675 632 2738 et
646 2671 784 2739 doceant
803 2670 951 2757 denique,
972 2670 1088 2756 quibus
1109 2671 1254 2736 affectio·

49 2764 131 2835 nibus
145 2769 394 2857 actionibusque
410 2795 484 2862 spes
500 2773 616 2849 alatur,
639 2795 720 2859 quae
734 2797 838 2860 neque
851 2773 1113 2858 omninonegata
1123 2773 1168 2838 sit
1177 2773 1254 2850 illis,

49 2887 139 2954 neque
153 2876 277 2940 temere
292 2895 330 2940 ac
346 2879 461 2961 sponte
481 2875 600 2941 oblata.
643 2873 731 2940 Nihil
752 2880 872 2954 autem,
893 2897 990 2962 quam
1010 2875 1050 2940 de
1072 2875 1176 2940 salute
1195 2875 1252 2940 de·

50 2989 177 3056 operare,
193 2975 420 3066 periculosius.
466 2965 750 3059 Quemadmodum
762 2979 1049 3064 enim⁴quicunque
1068 2975 1252 3042 athleta'de

49 3068 173 3142 victoria
187 3081 224 3145 et
239 3101 357 3145 corona
372 3079 604 3168 desperaverit,
620 3079 648 3144 is
664 3102 768 3165 neque
783 3081 922 3158 omnino,
937 3083 976 3146 ut
994 3080 1028 3146 in
1044 3101 1173 3143 arenam
1194 3077 1251 3143 de·

50 3177 180 3258 scendet,
201 3203 321 3247 nomen
340 3181 479 3262 dederit3
503 3183 654 3269 quivero
679 3181 762 3249 hanc
780 3183 851 3271 ipse
876 3181 1005 3268 quidem
1034 3182 1141 3249 animo
1162 3203 1251 3270 spem

49 3283 237 3370 conceperit,
262 3281 392 3349 labores
415 3286 541 3364 tamen,
574 3286 680 3364 cibos,
715 3285 962 3354 exercitationes
996 3307 1156 3372 congruas
1186 3302 1252 3350 non

49 3382 185 3470 suscipit,
203 3383 303 3450 etiam
317 3385 403 3452 bunc
418 3407 537 3453 corona
549 3411 615 3454 non
630 3388 784 3454 donatum
798 3411 872 3476 spes
882 3387 1076 3454 frustratur:
1098 3389 1147 3454 ita
1161 3387 1251 3474 quis-

49 3479 110 3560 quis
126 3485 232 3553 aifluit
245 3487 382 3580 terrenis
398 3487 525 3576 opibus,
540 3513 580 3557 ne
601 3513 636 3556 se
656 3490 727 3578 ipse
745 3491 884 3579 primum
904 3495 1019 3558 caveat
1033 3515 1053 3556 a
1068 3481 1251 3558 Servatoris

49 3585 267 3654 certaminibus
282 3591 499 3678 praemiisque
513 3592 678 3660 exclusum
693 3593 802 3671 ducat,
817 3593 912 3660 modo
923 3585 1036 3660 'fidelis
1053 3593 1194 3659 exsistat
1213 3612 1251 3658 ae

49 3675 167 3755 divinae
182 3691 341 3759 bonitatis
362 3693 618 3780 magnitudinem
643 3693 821 3782 intelligat3
838 3695 959 3762 deinde
978 3717 1064 3773 vero,
1090 3707 1141 3774 net
1162 3694 1252 3762 nulla
1363 3760 1364 3770 ,

45 3791 268 3861 ‘exercitatione
282 3793 434 3883 nulloque
448 3796 556 3886 posito
571 3796 756 3876 certamine,
773 3797 842 3864 sine
861 3798 993 3886 pulvere
1013 3802 1111 3884 atque
1132 3797 1248 3864 sudore
1351 3867 1354 3880 ,

48 3878 291 3964 immortalitatis
314 3921 349 3965 re
366 3921 484 3966 corana
502 3899 543 3964 iri
563 3891 719 3966 donatum
739 3903 858 3988 speret,
884 3901 942 3966 sed
967 3901 1078 3967 tradat
1100 3922 1140 3966 se
1154 3899 1249 3987 Lego

48 3983 192 4076 tanquam
209 3999 406 4092 palaestrae
436 3999 596 4088 magistro
630 4005 665 4069 et
693 4001 906 4069 certaminum
937 4003 1078 4090 praesidi
1105 4001 1248 4079 Chris-to.

48 4079 139 4162 Cibus
160 4099 207 4165 illi
222 4123 260 4168 ac
279 4105 377 4190 potue
392 4103 572 4192 praestitus
592 4105 659 4171 est:
682 4102 809 4170 Novum
834 4103 968 4170 Domini
988 4105 1249 4184 Testamentum

47 4197 280 4270 exercitationes
305 4205 489 4291 gymnloaer
515 4207 685 4284 mandata3
718 4209 853 4274 ornatus
878 4207 1064 4295 cultusque:
1092 4207 1249 4276 honestae

47 4291 231 4386 affectiones,
251 4307 382 4386 caritas,
402 4307 494 4388 fides,
516 4332 603 4398 spes,
624 4309 767 4396 cognitio
787 4309 946 4389 veritatis,
972 4311 1101 4391 lenitas,
1121 4310 1247 4377 miseris

48 4397 154 4506 cordia,
169 4407 315 4488 castitas,
330 4413 370 4476 ut
389 4433 489 4502 quum
508 4410 590 4478 tuba
607 4411 783 4478 novissima
803 4414 952 4480 currendi
973 4414 1102 4502 signum
1120 4412 1248 4480 dederit

47 4483 171 4590 luneque
192 4509 372 4600 emigrandi
391 4512 493 4582 veluti
507 4535 526 4581 e
541 4513 649 4582 stadio
664 4537 704 4582 ex
717 4513 779 4582 hac
791 4515 861 4583 vita
879 4515 1019 4596 mortali,
1040 4515 1124 4584 bona
1143 4516 1247 4584 fretus

48 4605 229 4716 docentia
257 4614 469 4688 certaminum
488 4617 630 4708 praesidi
650 4616 756 4690 victor
766 4619 931 4703 offeratur,
950 4619 1083 4692 coelesti
1099 4619 1246 4690 annium
