2830 5052
476 311 489 388 ἰ
619 373 661 440 99

104 551 219 640 Siquis
235 553 281 620 sit
294 553 475 624 litterarum
496 576 586 637 usus,
609 558 677 626 sint
698 559 838 648 oportet,
853 557 971 645 quibus
988 559 1126 629 scribere
1139 561 1246 634 liceat

57 653 126 736 Quid
138 656 231 722 vero?
246 655 393 737 bonisne,
408 682 450 726 un
464 661 579 728 malis?
593 662 658 730 His
674 660 804 747 quidem
818 682 1006 728 conoessum
1020 661 1131 743 fuisse,
1140 663 1246 734 Theo-

54 757 150 844 pompi,
170 757 305 838 Timaei,
326 759 471 848 Epicuri,
492 763 723 852 Hipponactis,
739 763 925 846 Archilochi
945 787 1044 853 opera
1069 768 1245 836 testantur.

56 856 159 938 Quodsi.
173 859 317 952 turpiter
338 863 436 932 scribi
456 865 536 932 nibil
555 867 620 934 fuit
640 867 789 946 vetitum,
805 865 877 954 quis
893 889 977 945 eum,
993 867 1245 954 qualitatem,

57 960 199 1044 praedicet,
220 985 262 1030 ne
282 967 423 1053 posteris
448 968 627 1044 utilitatem
652 969 777 1047 afferat,
802 967 1023 1056 prohibuerit?
1046 968 1118 1046 'Est
1137 973 1246 1040 autam

57 1059 207 1142 honestum,
223 1063 284 1148 eis,
300 1067 356 1154 qui
378 1071 495 1155 postea
518 1074 597 1138 sunt
617 1070 731 1148 futuri,
746 1069 849 1136 bonos
862 1070 1042 1158 relinquere
1055 1071 1150 1140 filios.
1193 1072 1247 1138 En
1289 1064 1293 1073 ’
1399 1097 1400 1134 1

54 1162 127 1228 ruini
143 1163 199 1233 filii
220 1171 301 1236 suut
320 1167 410 1237 libril
438 1169 550 1253 Quare
571 1173 671 1242 etiam
690 1171 929 1238 catechizantes
950 1195 1101 1243 vocamus
1123 1177 1246 1263 patres.

53 1261 167 1334 Verbum
183 1269 271 1338 enim
286 1269 380 1357 quasi
397 1293 505 1338 semen
521 1274 609 1342 cadit
622 1275 658 1342 in
671 1275 823 1352 mentem,
840 1297 903 1360 quo
917 1297 1008 1342 meus
1019 1280 1160 1346 mentem
1171 1279 1247 1358 tan,-

50 1383 111 1448 geus
123 1374 219 1455 auget
233 1375 335 1460 atque
349 1374 483 1450 animat.
505 1375 574 1444 Nec
588 1380 697 1444 tamen
712 1375 855 1443 omnium
869 1379 922 1446 est
936 1378 1093 1456 doctrina,
1106 1379 1164 1453 sed
1174 1379 1247 1447 rul-
1296 1459 1299 1468 Ι
1331 1409 1335 1416 ·

51 1487 96 1550 gur
109 1472 144 1536 ad
157 1471 300 1553 litteras,
311 1478 351 1542 ut
361 1477 460 1576 estin
475 1478 654 1566 proverbio,
668 1477 937 1566 quemadmodum
952 1479 1064 1546 asinus
1076 1481 1119 1546 ad
1131 1481 1246 1567 lyram.

52 1567 153 1650 Quibus
172 1578 296 1656 tamem
317 1579 357 1644 ut
375 1578 577 1659 docerentur,
604 1581 753 1668 contigit,
779 1580 813 1646 hi
835 1583 870 1648 et
890 1577 1023 1648 Christo
1043 1585 1193 1656 monente
1212 1587 1247 1650 at

52 1671 193 1760 Apertum,
215 1680 333 1746 docere
358 1703 472 1750 rursus
499 1683 629 1762 debent,
656 1683 711 1784 alii
737 1705 825 1762 voce,
850 1682 906 1752 alii
931 1683 1061 1790 scripto.
1105 1684 1247 1770 Utrique

51 1779 144 1858 subn,
158 1784 197 1850 ut
209 1781 295 1854 fides
310 1782 448 1852 caritate
462 1784 553 1854 vivat
567 1785 718 1854 efficient.
733 1823 735 1830 ·
751 1783 860 1874 Culpa
874 1785 959 1852 euim
974 1785 1078 1874 ipsius
1093 1791 1145 1854 est
1158 1787 1245 1876 opti·

53 1895 116 1942 nun
128 1903 189 1953 uon
203 1885 376 1972 eligentis3
399 1885 479 1954 deus
495 1885 590 1977 ‘culpa
604 1891 710 1969 pacat.
754 1888 779 1956 J
779 1911 831 1956 am
846 1893 933 1966 iero,
948 1887 1085 1957 fenerari
1100 1889 1244 1968 verbum,

58 1973 153 2048 'tiorum‘
163 1989 217 2052 est
222 2012 232 2068 3
259 1987 373 2054 horum
388 1988 526 2076 probare
540 1994 576 2058 et
590 1995 648 2057 aut
662 1990 802 2078 deligere
817 1993 876 2058 aut
894 1989 1036 2056 relicere.
1080 1990 1146 2058 Sed
1160 1992 1245 2058 iudi·
1353 1983 1356 1990 ¹

60 2075 123 2162 u'um,
135 2107 197 2175 quo
220 2089 387 2178 deligunt,
407 2091 442 2156 in
459 2090 543 2178 ipsis
562 2091 735 2160 iudicatur.
782 2090 998 2177 Evangelium
1013 2093 1122 2160 autem
1137 2095 1247 2162 movet

56 2179 84 2242 all
93 2181 335 2272 inquisitionem,
350 2193 500 2259 veritatis
516 2195 668 2282 cupidum
682 2193 772 2272 facit,
785 2193 828 2258 ad
841 2191 1011 2258 honestam
1023 2193 1124 2260 vitam
1136 2217 1245 2282 prom,

52 2283 130 2365 Pium,
139 2291 237 2360 initia
254 2294 314 2362 dat
328 2295 455 2372 salutis,
471 2317 553 2382 quae
568 2296 623 2382 qui
638 2295 808 2384 acceperit,
824 2295 912 2362 vitae
927 2291 1077 2372 aeternae
1091 2295 1246 2364 viaticum

51 2390 141 2457 nactus
155 2394 189 2462 iu
203 2397 331 2464 coelum
346 2396 498 2464 evolabit
536 2397 746 2484 Sedutrique
761 2401 796 2466 et
808 2397 962 2466 docentes
977 2399 1011 2464 et
1026 2397 1197 2466 audientes
1211 2421 1246 2466 se

51 2482 144 2560 debant
155 2499 305 2584 probare,
322 2498 444 2566 sintne
458 2499 565 2586 digni;
581 2501 686 2580 alteri,
700 2500 756 2587 qui
767 2501 915 2580 doceant,
927 2500 983 2587 qui
994 2499 1130 2566 audiant
1141 2501 1246 2568 alteri.

13 2639 14 2642 ,
48 2583 135 2660 uthis
148 2601 291 2684 quidem,
307 2602 392 2687 quod
408 2601 489 2668 alios
504 2601 568 2668 iam
583 2603 738 2691 probatos
755 2604 946 2690 sequuntur,
962 2601 1004 2668 ad
1013 2603 1184 2669 veritatem
1194 2604 1246 2671 in·

41 2688 232 2788 ‚eligendam
253 2702 512 2789 conficiendaque
531 2705 686 2773 mandata
709 2706 847 2772 maxime
868 2705 1031 2772 conducit.
1074 2705 1124 2770 Eo
1140 2706 1246 2792 magis

48 2795 135 2864 tutem
153 2805 302 2891 probatis
324 2807 501 2872 cavendum
521 2810 583 2886 est,
605 2829 704 2894 quum
726 2807 882 2894 proximis
904 2808 1059 2896 prodesse
1080 2805 1245 2884 studeant,

48 2911 77 2958 ue
88 2899 132 2966 vel
151 2907 274 2974 temere
288 2907 339 2974 vel
355 2907 536 2990 aemulandi
551 2909 603 2976 vel
618 2909 724 2996 turpis
744 2908 826 2974 lucri
840 2932 940 2976 eausa
954 2909 995 2976 ad
1017 2907 1195 2976 docendum
1211 2931 1247 2974 se
1359 2935 1362 2952 ¹

45 2999 203 3092 adurar,
219 3008 273 3076 vel
287 3008 410 3096 gloriae
424 3009 598 3090 aviditate3
620 3011 678 3078 sed
691 3009 794 3076 solam
808 3009 973 3078 hominum
989 3009 1127 3076 salutem
1141 3010 1246 3096 respi-

47 3095 125 3171 tiant
160 3111 340 3178 Auditores
355 3132 432 3178 vero
447 3112 669 3178 curiositatem
683 3113 842 3196 reiioiant,
862 3134 953 3191 neve,
968 3115 1007 3178 ut
1025 3111 1155 3177 alantur
1174 3133 1246 3178 cor·

47 3217 118 3284 pora,
131 3211 172 3278 ad
186 3237 254 3292 eos,
270 3214 326 3300 qui
341 3215 420 3280 sunt
434 3211 566 3281 Christo
582 3215 772 3294 consecrati,
788 3215 930 3282 veniant.
976 3213 1044 3296 Qui
1056 3235 1122 3282 uon
1132 3213 1245 3294 rideri,

47 3302 131 3378 tedae
142 3335 213 3386 esse
227 3315 301 3384 vult
314 3315 450 3400 iustum,
464 3316 494 3384 is
508 3317 552 3384 sit
566 3317 709 3405 optimae
722 3321 853 3406 oportet
867 3317 1092 3386 conscientiae.

95 3409 223 3504 Duplex
236 3418 340 3506 igitur
355 3418 514 3506 evangelii
529 3419 785 3490 communicandi
805 3420 919 3496 modus
942 3422 977 3486 et
991 3419 1112 3508 scripto
1128 3419 1162 3483 et
1177 3418 1246 3484 sine

48 3507 158 3599 scripto,
203 3519 271 3604 Qui
286 3519 405 3587 bonum
421 3543 529 3588 semen
546 3522 682 3610 spargit,
700 3523 825 3590 utrovis
841 3521 947 3601 modo,
959 3545 1034 3589 vere
1048 3521 1102 3588 ille
1116 3521 1245 3588 divinus

47 3611 190 3700 Ἧῑὶοιιὴι,Ι
203 3622 295 3712 pacis
325 3621 511 3692 seminator.
554 3623 623 3691 Nec
651 3646 727 3692 vero
756 3625 870 3704 cuivis,
900 3647 999 3712 quum
1029 3627 1064 3690 et
1092 3623 1247 3710 dogmata

47 3703 213 3804 christiana,
228 3728 263 3794 et
275 3723 540 3814 philosophorum
554 3725 686 3821 placita,
701 3727 820 3815 partim
841 3749 879 3792 ea
893 3723 1023 3812 quidem'
1037 3746 1124 3802 vera,
1137 3724 1174 3790 iu
1189 3724 1246 3790 de·

47 3802 148 3890 lectum
161 3829 304 3908 veniant,
320 3830 360 3894 ut
374 3827 507 3915 deligat,
522 3829 786 3917 permittendum.
833 3828 921 3896 Sunt
934 3827 1030 3906 enim,
1046 3825 1103 3913 qui
1117 3826 1245 3916 praeiu-

48 3907 147 3992 timuis
166 3930 266 4020 capti,
291 3929 628 4024 argumentationibus
653 3930 837 3998 artificiosis
862 3930 1026 4010 nitantur;
1056 3929 1111 4016 qui
1136 3933 1247 3996 autem

49 4013 103 4088 aius
116 4033 165 4098 est
178 4033 368 4112 voluntatis,
389 4034 429 4100 ut
442 4030 574 4108 veritati
596 4032 746 4120 cognitae
766 4033 913 4120 quamvis
936 4031 1114 4100 laboriosae
1129 4053 1244 4100 conve,
1290 4027 1292 4034 '

48 4118 155 4199 nlenter
166 4135 267 4214 vivat,
286 4134 339 4203 bic
357 4134 516 4202 rationem
537 4139 669 4202 secutus
688 4135 843 4204 iudicium
860 4138 987 4202 rectum
1001 4138 1195 4220 assequetur
1208 4155 1247 4202 ac

49 4215 140 4311 fidem
161 4213 247 4306 unde
260 4236 428 4328 persuasio
441 4235 664 4326 proficiscetur
678 4238 858 4308 abundans.
881 4237 948 4322 Qui
962 4257 1040 4325 ergo
1054 4237 1141 4324 apud
1152 4259 1246 4325 prae·

52 4339 232 4374 xx*

51 4403 100 4456 llll
110 4409 140 4460 ad
149 4410 283 4464 Clementis
295 4413 406 4464 amicum
418 4413 545 4478 quendum
557 4427 611 4464 esse
622 4411 753 4477 scriptum,
767 4413 838 4479 sequi
849 4413 974 4482 opinatur.
1006 4409 1058 4463 Sed
1070 4411 1165 4462 fallitur
1175 4413 1247 4490 baud

52 4470 118 4538 lrbie,
150 4493 231 4556 Huius
246 4513 316 4550 emm
332 4513 369 4550 rau
384 4497 483 4550 nubum
498 4497 525 4548 ln
535 4493 590 4549 'allo
600 4497 665 4549 libro
675 4496 818 4564 vestigium.
852 4497 895 4548 Ad
907 4499 974 4563 quod
987 4504 1074 4548 auteur
1086 4496 1148 4548 illud
1161 4489 1247 4558 αὐτὰς

52 4564 187 4658 τ,θῗθῑθιιιίιιιιι
202 4586 237 4636 sit
250 4597 353 4650 nomen,
371 4599 416 4651 per
432 4598 460 4635 ue
477 4583 526 4636 diei
543 4597 644 4649 prorsus
655 4585 750 4650 nequit
785 4583 839 4634 Nec
850 4597 934 4650 porro,
948 4586 1075 4650 quodnam
1088 4585 1121 4634 sit
1131 4585 1158 4634 iu
1170 4584 1246 4635 uerbo

54 4658 216 4742 “tautane
226 4671 377 4739 subiectum,
390 4669 466 4724 nullis
477 4669 576 4724 iudiciis
588 4669 691 4722 aliunde
702 4669 795 4744 petitis,
806 4683 853 4738 pro
864 4676 933 4724 certo
945 4670 1037 4812 potorzit
1048 4669 1143 4723 malui,

52 4761 54 4772 ι
1032 4752 1045 4787 ι
