<?xml version="1.0" encoding="UTF-8"?>
<!DOCTYPE html PUBLIC "-//W3C//DTD XHTML 1.0 Transitional//EN"
    "http://www.w3.org/TR/xhtml1/DTD/xhtml1-transitional.dtd">
<html xmlns="http://www.w3.org/1999/xhtml" xml:lang="en" lang="en">
 <head>
  <title>
</title>
<meta http-equiv="Content-Type" content="text/html;charset=utf-8" />
  <meta name='ocr-system' content='tesseract 3.04.00' />
  <meta name='ocr-capabilities' content='ocr_page ocr_carea ocr_par ocr_line ocrx_word'/>
</head>
<body>
  <div class='ocr_page' id='page_1' title='image "./clemente00reingoog_0139.png"; bbox 0 0 2830 5052; ppageno 0'>
   <div class='ocr_carea' id='block_1_1' title="bbox 747 329 808 394">
    <p class='ocr_par' dir='ltr' id='par_1_1' title="bbox 747 329 808 394">
     <span class='ocr_line' id='line_1_1' title="bbox 747 329 808 394; baseline 0 0"><span class='ocrx_word' id='word_1_1' title='bbox 747 329 808 394; x_wconf 77' lang='lat'>126</span> 
     </span>
    </p>
   </div>
   <div class='ocr_carea' id='block_1_2' title="bbox 678 417 880 436">
    <p class='ocr_par' dir='ltr' id='par_1_2' title="bbox 678 417 880 436">
     <span class='ocr_line' id='line_1_2' title="bbox 678 417 880 436; baseline -0.005 1"><span class='ocrx_word' id='word_1_2' title='bbox 678 417 880 436; x_wconf 70' lang='lat'><em>--·-·—·=··-</em></span> 
     </span>
    </p>
   </div>
   <div class='ocr_carea' id='block_1_3' title="bbox 34 507 1409 4701">
    <p class='ocr_par' dir='ltr' id='par_1_3' title="bbox 34 507 1373 1220">
     <span class='ocr_line' id='line_1_3' title="bbox 172 507 1367 598; baseline -0.011 -11"><span class='ocrx_word' id='word_1_3' title='bbox 172 520 304 588; x_wconf 89' lang='lat' dir='ltr'>surdam</span> <span class='ocrx_word' id='word_1_4' title='bbox 318 517 496 592; x_wconf 81' lang='lat' dir='ltr'>contendit.</span> <span class='ocrx_word' id='word_1_5' title='bbox 542 511 724 596; x_wconf 82' lang='lat' dir='ltr'>Quodsi-</span> <span class='ocrx_word' id='word_1_6' title='bbox 747 512 805 578; x_wconf 83' lang='lat' dir='ltr'>sed</span> <span class='ocrx_word' id='word_1_7' title='bbox 822 511 883 579; x_wconf 92' lang='lat' dir='ltr'>boc</span> <span class='ocrx_word' id='word_1_8' title='bbox 898 511 1008 580; x_wconf 71' lang='lat' dir='ltr'>dicere</span> <span class='ocrx_word' id='word_1_9' title='bbox 1029 507 1120 576; x_wconf 80' lang='lat' dir='ltr'>nefus</span> <span class='ocrx_word' id='word_1_10' title='bbox 1142 545 1183 560; x_wconf 88' lang='lat'>··-</span> <span class='ocrx_word' id='word_1_11' title='bbox 1202 509 1254 575; x_wconf 91' lang='lat' dir='ltr'>dei</span> <span class='ocrx_word' id='word_1_12' title='bbox 1271 511 1367 598; x_wconf 89' lang='lat' dir='ltr'>partes</span> 
     </span>
     <span class='ocr_line' id='line_1_4' title="bbox 34 612 1368 708; baseline -0.012 -16"><span class='ocrx_word' id='word_1_13' title='bbox 34 619 37 626; x_wconf 66' lang='grc'>’</span> <span class='ocrx_word' id='word_1_14' title='bbox 95 690 99 700; x_wconf 75' lang='grc'><strong>,</strong></span> <span class='ocrx_word' id='word_1_15' title='bbox 172 645 329 701; x_wconf 75' lang='lat' dir='ltr'>essemus,</span> <span class='ocrx_word' id='word_1_16' title='bbox 344 617 543 708; x_wconf 89' lang='lat' dir='ltr'>inpartibus</span> <span class='ocrx_word' id='word_1_17' title='bbox 565 615 758 702; x_wconf 89' lang='lat' dir='ltr'>quibusdam</span> <span class='ocrx_word' id='word_1_18' title='bbox 778 613 857 680; x_wconf 89' lang='lat' dir='ltr'>deus</span> <span class='ocrx_word' id='word_1_19' title='bbox 876 617 1036 702; x_wconf 75' lang='lat' dir='ltr'><strong>peccaret.</strong></span> <span class='ocrx_word' id='word_1_20' title='bbox 1091 612 1368 688; x_wconf 81' lang='lat' dir='ltr'>verumenimvero,</span> 
     </span>
     <span class='ocr_line' id='line_1_5' title="bbox 170 709 1373 812; baseline -0.012 -20"><span class='ocrx_word' id='word_1_21' title='bbox 170 749 235 792; x_wconf 89' lang='lat' dir='ltr'>non</span> <span class='ocrx_word' id='word_1_22' title='bbox 250 725 336 812; x_wconf 90' lang='lat' dir='ltr'>quod</span> <span class='ocrx_word' id='word_1_23' title='bbox 351 725 461 812; x_wconf 90' lang='lat' dir='ltr'>partes</span> <span class='ocrx_word' id='word_1_24' title='bbox 476 720 547 786; x_wconf 90' lang='lat' dir='ltr'>eius</span> <span class='ocrx_word' id='word_1_25' title='bbox 561 739 706 784; x_wconf 88' lang='lat' dir='ltr'>essemus</span> <span class='ocrx_word' id='word_1_26' title='bbox 720 715 774 784; x_wconf 86' lang='lat' dir='ltr'>vel</span> <span class='ocrx_word' id='word_1_27' title='bbox 791 719 935 782; x_wconf 88' lang='lat' dir='ltr'>natura</span> <span class='ocrx_word' id='word_1_28' title='bbox 955 716 1024 794; x_wconf 88' lang='lat' dir='ltr'>filii,</span> <span class='ocrx_word' id='word_1_29' title='bbox 1042 716 1098 784; x_wconf 90' lang='lat' dir='ltr'>sed</span> <span class='ocrx_word' id='word_1_30' title='bbox 1113 714 1189 801; x_wconf 91' lang='lat' dir='ltr'>quia</span> <span class='ocrx_word' id='word_1_31' title='bbox 1203 709 1373 780; x_wconf 53' lang='lat' dir='ltr'>misericor?</span> 
     </span>
     <span class='ocr_line' id='line_1_6' title="bbox 170 813 1367 912; baseline -0.013 -19"><span class='ocrx_word' id='word_1_32' title='bbox 170 829 242 894; x_wconf 79' lang='lat' dir='ltr'>eliae</span> <span class='ocrx_word' id='word_1_33' title='bbox 262 826 449 893; x_wconf 86' lang='lat' dir='ltr'>divitiarum</span> <span class='ocrx_word' id='word_1_34' title='bbox 468 822 584 912; x_wconf 89' lang='lat' dir='ltr'>plenus</span> <span class='ocrx_word' id='word_1_35' title='bbox 606 825 659 886; x_wconf 92' lang='lat' dir='ltr'>est</span> <span class='ocrx_word' id='word_1_36' title='bbox 678 819 773 897; x_wconf 84' lang='lat' dir='ltr'>deus,</span> <span class='ocrx_word' id='word_1_37' title='bbox 794 813 929 908; x_wconf 87' lang='lat' dir='ltr'>propter</span> <span class='ocrx_word' id='word_1_38' title='bbox 948 841 1041 886; x_wconf 89' lang='lat' dir='ltr'>suam</span> <span class='ocrx_word' id='word_1_39' title='bbox 1063 818 1167 906; x_wconf 90' lang='lat' dir='ltr'>ipsius</span> <span class='ocrx_word' id='word_1_40' title='bbox 1192 815 1367 891; x_wconf 79' lang='lat' dir='ltr'>bonitatem,</span> 
     </span>
     <span class='ocr_line' id='line_1_7' title="bbox 171 917 1367 1016; baseline -0.013 -20"><span class='ocrx_word' id='word_1_41' title='bbox 171 929 318 1016; x_wconf 87' lang='lat' dir='ltr'>quamvis</span> <span class='ocrx_word' id='word_1_42' title='bbox 333 929 451 994; x_wconf 85' lang='lat' dir='ltr'>natura</span> <span class='ocrx_word' id='word_1_43' title='bbox 467 925 567 990; x_wconf 91' lang='lat' dir='ltr'>simus</span> <span class='ocrx_word' id='word_1_44' title='bbox 583 945 716 1011; x_wconf 90' lang='lat' dir='ltr'>prorsus</span> <span class='ocrx_word' id='word_1_45' title='bbox 732 921 837 1000; x_wconf 90' lang='lat' dir='ltr'>alieni,</span> <span class='ocrx_word' id='word_1_46' title='bbox 853 945 935 1011; x_wconf 89' lang='lat' dir='ltr'>opus</span> <span class='ocrx_word' id='word_1_47' title='bbox 950 925 1060 988; x_wconf 88' lang='lat' dir='ltr'>tamen</span> <span class='ocrx_word' id='word_1_48' title='bbox 1070 920 1174 1008; x_wconf 92' lang='lat' dir='ltr'>ipsius</span> <span class='ocrx_word' id='word_1_49' title='bbox 1186 917 1367 986; x_wconf 87' lang='lat' dir='ltr'>voluntatis:</span> 
     </span>
     <span class='ocr_line' id='line_1_8' title="bbox 169 1021 1369 1105; baseline -0.012 -8"><span class='ocrx_word' id='word_1_50' title='bbox 169 1033 274 1098; x_wconf 85' lang='lat' dir='ltr'>nostri</span> <span class='ocrx_word' id='word_1_51' title='bbox 288 1030 388 1096; x_wconf 86' lang='lat' dir='ltr'>habet</span> <span class='ocrx_word' id='word_1_52' title='bbox 402 1049 521 1105; x_wconf 87' lang='lat' dir='ltr'>curam,</span> <span class='ocrx_word' id='word_1_53' title='bbox 536 1027 611 1103; x_wconf 90' lang='lat' dir='ltr'>imo,</span> <span class='ocrx_word' id='word_1_54' title='bbox 629 1025 657 1091; x_wconf 90' lang='lat' dir='ltr'>si</span> <span class='ocrx_word' id='word_1_55' title='bbox 676 1047 742 1090; x_wconf 89' lang='lat' dir='ltr'>non</span> <span class='ocrx_word' id='word_1_56' title='bbox 760 1023 856 1090; x_wconf 84' lang='lat' dir='ltr'>inviti</span> <span class='ocrx_word' id='word_1_57' title='bbox 875 1047 949 1090; x_wconf 90' lang='lat' dir='ltr'>oum</span> <span class='ocrx_word' id='word_1_58' title='bbox 969 1021 1199 1101; x_wconf 83' lang='lat' dir='ltr'>exercitatione</span> <span class='ocrx_word' id='word_1_59' title='bbox 1219 1021 1369 1088; x_wconf 88' lang='lat' dir='ltr'>doctrina·</span> 
     </span>
     <span class='ocr_line' id='line_1_9' title="bbox 171 1121 1368 1220; baseline -0.01 -22"><span class='ocrx_word' id='word_1_60' title='bbox 171 1155 233 1219; x_wconf 91' lang='lat' dir='ltr'>que</span> <span class='ocrx_word' id='word_1_61' title='bbox 253 1135 305 1220; x_wconf 82' lang='grc' dir='ltr'>τὴν</span> <span class='ocrx_word' id='word_1_62' title='bbox 324 1139 431 1216; x_wconf 77' lang='grc' dir='ltr'><strong>γνῶσιν</strong></span> <span class='ocrx_word' id='word_1_63' title='bbox 458 1128 665 1216; x_wconf 80' lang='lat' dir='ltr'>elegerimus,</span> <span class='ocrx_word' id='word_1_64' title='bbox 691 1127 733 1192; x_wconf 87' lang='lat' dir='ltr'>ad</span> <span class='ocrx_word' id='word_1_65' title='bbox 760 1125 964 1214; x_wconf 84' lang='lat' dir='ltr'>adoptionem</span> <span class='ocrx_word' id='word_1_66' title='bbox 990 1147 1049 1192; x_wconf 90' lang='lat' dir='ltr'>nos</span> <span class='ocrx_word' id='word_1_67' title='bbox 1074 1129 1179 1190; x_wconf 77' lang='lat' dir='ltr'>vocat.</span> <span class='ocrx_word' id='word_1_68' title='bbox 1224 1122 1285 1190; x_wconf 83' lang='lat' dir='ltr'>Sin</span> <span class='ocrx_word' id='word_1_69' title='bbox 1308 1121 1368 1207; x_wconf 88' lang='lat' dir='ltr'>quis</span> 
     </span>
    </p>

    <p class='ocr_par' dir='ltr' id='par_1_4' title="bbox 101 1225 1409 3172">
     <span class='ocr_line' id='line_1_10' title="bbox 101 1225 1369 1320; baseline -0.009 -22"><span class='ocrx_word' id='word_1_70' title='bbox 101 1291 105 1298; x_wconf 88' lang='lat'>.</span> <span class='ocrx_word' id='word_1_71' title='bbox 171 1257 302 1301; x_wconf 87' lang='lat' dir='ltr'>suorum</span> <span class='ocrx_word' id='word_1_72' title='bbox 316 1233 532 1320; x_wconf 80' lang='lat' dir='ltr'>adstringitur</span> <span class='ocrx_word' id='word_1_73' title='bbox 543 1233 747 1320; x_wconf 90' lang='lat' dir='ltr'>peccatorum</span> <span class='ocrx_word' id='word_1_74' title='bbox 758 1227 898 1294; x_wconf 83' lang='lat' dir='ltr'>catenis:</span> <span class='ocrx_word' id='word_1_75' title='bbox 913 1227 993 1300; x_wconf 87' lang='lat' dir='ltr'>deus</span> <span class='ocrx_word' id='word_1_76' title='bbox 1005 1225 1101 1316; x_wconf 90' lang='lat' dir='ltr'>culpa</span> <span class='ocrx_word' id='word_1_77' title='bbox 1110 1226 1369 1308; x_wconf 63' lang='lat' dir='ltr'>sacatmlaaluoe).</span> 
     </span>
     <span class='ocr_line' id='line_1_11' title="bbox 157 1327 1370 1426; baseline -0.011 -23"><span class='ocrx_word' id='word_1_78' title='bbox 157 1335 377 1426; x_wconf 61' lang='lat' dir='ltr'>,Quamquam</span> <span class='ocrx_word' id='word_1_79' title='bbox 391 1340 500 1400; x_wconf 85' lang='lat' dir='ltr'>auteni</span> <span class='ocrx_word' id='word_1_80' title='bbox 515 1334 572 1400; x_wconf 91' lang='lat' dir='ltr'>filii</span> <span class='ocrx_word' id='word_1_81' title='bbox 588 1331 735 1420; x_wconf 82' lang='lat' dir='ltr'>adoptati</span> <span class='ocrx_word' id='word_1_82' title='bbox 755 1334 885 1396; x_wconf 88' lang='lat' dir='ltr'>tantum</span> <span class='ocrx_word' id='word_1_83' title='bbox 906 1329 1017 1408; x_wconf 90' lang='lat' dir='ltr'>simus,</span> <span class='ocrx_word' id='word_1_84' title='bbox 1038 1332 1149 1394; x_wconf 87' lang='lat' dir='ltr'>ta&#39;men</span> <span class='ocrx_word' id='word_1_85' title='bbox 1169 1327 1370 1394; x_wconf 78' lang='lat' dir='ltr'>stabilitatem</span> 
     </span>
     <span class='ocr_line' id='line_1_12' title="bbox 169 1427 1370 1528; baseline -0.011 -24"><span class='ocrx_word' id='word_1_86' title='bbox 169 1439 331 1528; x_wconf 88' lang='lat' dir='ltr'>quandam</span> <span class='ocrx_word' id='word_1_87' title='bbox 346 1438 635 1526; x_wconf 84' lang='lat' dir='ltr'>aeternitatemque</span> <span class='ocrx_word' id='word_1_88' title='bbox 654 1434 707 1500; x_wconf 91' lang='lat' dir='ltr'>hic</span> <span class='ocrx_word' id='word_1_89' title='bbox 725 1435 790 1500; x_wconf 92' lang='lat' dir='ltr'>iam</span> <span class='ocrx_word' id='word_1_90' title='bbox 809 1431 1019 1521; x_wconf 75' lang='lat' dir='ltr'>adipiscimur</span> <span class='ocrx_word' id='word_1_91' title='bbox 1037 1431 1106 1500; x_wconf 82' lang='lat' dir='ltr'>veri</span> <span class='ocrx_word' id='word_1_92' title='bbox 1126 1429 1273 1498; x_wconf 85' lang='lat' dir='ltr'>scientia.</span> <span class='ocrx_word' id='word_1_93' title='bbox 1316 1427 1370 1494; x_wconf 86' lang='lat' dir='ltr'>Sed</span> 
     </span>
     <span class='ocr_line' id='line_1_13' title="bbox 168 1527 1368 1622; baseline -0.011 -16"><span class='ocrx_word' id='word_1_94' title='bbox 168 1540 372 1608; x_wconf 82' lang='lat' dir='ltr'>imbecillitas</span> <span class='ocrx_word' id='word_1_95' title='bbox 397 1541 511 1605; x_wconf 87' lang='lat' dir='ltr'>nostra</span> <span class='ocrx_word' id='word_1_96' title='bbox 534 1540 570 1604; x_wconf 86' lang='lat' dir='ltr'>et</span> <span class='ocrx_word' id='word_1_97' title='bbox 589 1535 809 1603; x_wconf 85' lang='lat' dir='ltr'>inconstantia</span> <span class='ocrx_word' id='word_1_98' title='bbox 837 1534 872 1602; x_wconf 93' lang='lat' dir='ltr'>in</span> <span class='ocrx_word' id='word_1_99' title='bbox 893 1527 1028 1622; x_wconf 89' lang='lat' dir='ltr'>&#39;agendo</span> <span class='ocrx_word' id='word_1_100' title='bbox 1059 1534 1198 1600; x_wconf 88' lang='lat' dir='ltr'>maxims</span> <span class='ocrx_word' id='word_1_101' title='bbox 1229 1529 1368 1598; x_wconf 88' lang='lat' dir='ltr'>cernitur.</span> 
     </span>
     <span class='ocr_line' id='line_1_14' title="bbox 168 1631 1369 1734; baseline -0.012 -24"><span class='ocrx_word' id='word_1_102' title='bbox 168 1641 280 1734; x_wconf 90' lang='lat' dir='ltr'>Neque</span> <span class='ocrx_word' id='word_1_103' title='bbox 310 1643 397 1710; x_wconf 89' lang='lat' dir='ltr'>enim</span> <span class='ocrx_word' id='word_1_104' title='bbox 427 1640 548 1718; x_wconf 87' lang='lat' dir='ltr'>omnia,</span> <span class='ocrx_word' id='word_1_105' title='bbox 582 1661 664 1728; x_wconf 91' lang='lat' dir='ltr'>quae</span> <span class='ocrx_word' id='word_1_106' title='bbox 690 1637 910 1715; x_wconf 86' lang='lat' dir='ltr'>voluerimus,</span> <span class='ocrx_word' id='word_1_107' title='bbox 933 1637 1057 1704; x_wconf 85' lang='lat' dir='ltr'>efficere</span> <span class='ocrx_word' id='word_1_108' title='bbox 1088 1635 1269 1725; x_wconf 89' lang='lat' dir='ltr'>poterimus</span> <span class='ocrx_word' id='word_1_109' title='bbox 1276 1658 1285 1712; x_wconf 90' lang='lat'>;</span> <span class='ocrx_word' id='word_1_110' title='bbox 1318 1631 1369 1697; x_wconf 88' lang='lat' dir='ltr'>alia</span> 
     </span>
     <span class='ocr_line' id='line_1_15' title="bbox 168 1733 1368 1829; baseline -0.01 -19"><span class='ocrx_word' id='word_1_111' title='bbox 168 1745 348 1812; x_wconf 92' lang='lat' dir='ltr'>nolumus</span> <span class='ocrx_word' id='word_1_112' title='bbox 364 1743 493 1829; x_wconf 89' lang='lat' dir='ltr'>quidem</span> <span class='ocrx_word' id='word_1_113' title='bbox 507 1739 623 1818; x_wconf 85' lang='lat' dir='ltr'>facero,</span> <span class='ocrx_word' id='word_1_114' title='bbox 644 1761 719 1807; x_wconf 92' lang='lat' dir='ltr'>non</span> <span class='ocrx_word' id='word_1_115' title='bbox 740 1763 952 1828; x_wconf 91' lang='lat' dir='ltr'>possumus</span> <span class='ocrx_word' id='word_1_116' title='bbox 975 1739 1047 1805; x_wconf 89' lang='lat' dir='ltr'>alia.</span> <span class='ocrx_word' id='word_1_117' title='bbox 1089 1739 1130 1805; x_wconf 90' lang='lat' dir='ltr'>In</span> <span class='ocrx_word' id='word_1_118' title='bbox 1151 1733 1368 1829; x_wconf 91' lang='lat' dir='ltr'>quo.Domini‚</span> 
     </span>
     <span class='ocr_line' id='line_1_16' title="bbox 168 1839 1369 1936; baseline -0.009 -25"><span class='ocrx_word' id='word_1_119' title='bbox 168 1847 235 1936; x_wconf 90' lang='lat' dir='ltr'>qni,</span> <span class='ocrx_word' id='word_1_120' title='bbox 252 1845 408 1935; x_wconf 90' lang='lat' dir='ltr'>quidquid</span> <span class='ocrx_word' id='word_1_121' title='bbox 422 1842 503 1920; x_wconf 87' lang='lat' dir='ltr'>vult,</span> <span class='ocrx_word' id='word_1_122' title='bbox 519 1841 617 1908; x_wconf 89' lang='lat' dir='ltr'>etiam</span> <span class='ocrx_word' id='word_1_123' title='bbox 632 1843 763 1930; x_wconf 86' lang='lat' dir='ltr'>poterit,</span> <span class='ocrx_word' id='word_1_124' title='bbox 778 1863 843 1907; x_wconf 90' lang='lat' dir='ltr'>non</span> <span class='ocrx_word' id='word_1_125' title='bbox 858 1865 970 1909; x_wconf 82' lang='lat' dir='ltr'>sumus</span> <span class='ocrx_word' id='word_1_126' title='bbox 987 1843 1118 1910; x_wconf 88' lang='lat' dir='ltr'>similes.</span> <span class='ocrx_word' id='word_1_127' title='bbox 1152 1839 1261 1920; x_wconf 89' lang='lat' dir='ltr'>„Nam</span> <span class='ocrx_word' id='word_1_128' title='bbox 1275 1839 1369 1926; x_wconf 85' lang='lat' dir='ltr'>nullus</span> 
     </span>
     <span class='ocr_line' id='line_1_17' title="bbox 168 1942 1409 2036; baseline -0.006 -24"><span class='ocrx_word' id='word_1_129' title='bbox 168 1947 347 2036; x_wconf 89' lang='lat' dir='ltr'>discipulus</span> <span class='ocrx_word' id='word_1_130' title='bbox 372 1968 470 2035; x_wconf 90' lang='lat' dir='ltr'>super</span> <span class='ocrx_word' id='word_1_131' title='bbox 494 1945 721 2030; x_wconf 86' lang='lat' dir='ltr'>magistrum.“</span> <span class='ocrx_word' id='word_1_132' title='bbox 773 1943 933 2011; x_wconf 87' lang='lat' dir='ltr'>Attamen</span> <span class='ocrx_word' id='word_1_133' title='bbox 959 1943 1110 2031; x_wconf 86' lang='lat' dir='ltr'>magistri</span> <span class='ocrx_word' id='word_1_134' title='bbox 1135 1942 1367 2009; x_wconf 87' lang='lat' dir='ltr'>similitudinem</span> <span class='ocrx_word' id='word_1_135' title='bbox 1407 1987 1409 1996; x_wconf 40' lang='grc' dir='ltr'><strong>ι</strong></span> 
     </span>
     <span class='ocr_line' id='line_1_18' title="bbox 168 2041 1409 2140; baseline -0.008 -25"><span class='ocrx_word' id='word_1_136' title='bbox 168 2051 329 2140; x_wconf 88' lang='lat' dir='ltr'>quandam</span> <span class='ocrx_word' id='word_1_137' title='bbox 344 2049 516 2126; x_wconf 91' lang='lat' dir='ltr'>habemus,</span> <span class='ocrx_word' id='word_1_138' title='bbox 537 2050 576 2113; x_wconf 91' lang='lat' dir='ltr'>ut</span> <span class='ocrx_word' id='word_1_139' title='bbox 595 2046 667 2136; x_wconf 90' lang='lat' dir='ltr'>qui,</span> <span class='ocrx_word' id='word_1_140' title='bbox 687 2067 753 2112; x_wconf 91' lang='lat' dir='ltr'>non</span> <span class='ocrx_word' id='word_1_141' title='bbox 772 2047 915 2112; x_wconf 88' lang='lat' dir='ltr'>essentia</span> <span class='ocrx_word' id='word_1_142' title='bbox 940 2047 1084 2137; x_wconf 90' lang='lat' dir='ltr'>quidem,</span> <span class='ocrx_word' id='word_1_143' title='bbox 1111 2041 1169 2112; x_wconf 88' lang='lat' dir='ltr'>sed</span> <span class='ocrx_word' id='word_1_144' title='bbox 1194 2065 1235 2112; x_wconf 90' lang='lat' dir='ltr'>eo</span> <span class='ocrx_word' id='word_1_145' title='bbox 1262 2043 1367 2110; x_wconf 90' lang='lat' dir='ltr'>similes</span> <span class='ocrx_word' id='word_1_146' title='bbox 1408 2075 1409 2086; x_wconf 50' lang='grc' dir='ltr'><strong>ι</strong></span> 
     </span>
     <span class='ocr_line' id='line_1_19' title="bbox 168 2145 1368 2242; baseline -0.007 -24"><span class='ocrx_word' id='word_1_147' title='bbox 168 2154 280 2230; x_wconf 89' lang='lat' dir='ltr'>simus,</span> <span class='ocrx_word' id='word_1_148' title='bbox 297 2153 383 2242; x_wconf 90' lang='lat' dir='ltr'>quod</span> <span class='ocrx_word' id='word_1_149' title='bbox 403 2151 483 2217; x_wconf 88' lang='lat' dir='ltr'>facti</span> <span class='ocrx_word' id='word_1_150' title='bbox 503 2150 604 2218; x_wconf 90' lang='lat' dir='ltr'>simus</span> <span class='ocrx_word' id='word_1_151' title='bbox 626 2149 814 2237; x_wconf 89' lang='lat' dir='ltr'>sempiterni</span> <span class='ocrx_word' id='word_1_152' title='bbox 830 2156 865 2215; x_wconf 88' lang='lat' dir='ltr'>et</span> <span class='ocrx_word' id='word_1_153' title='bbox 884 2149 925 2215; x_wconf 90' lang='lat' dir='ltr'>ad</span> <span class='ocrx_word' id='word_1_154' title='bbox 945 2149 1161 2215; x_wconf 85' lang='lat' dir='ltr'>essentiarum</span> <span class='ocrx_word' id='word_1_155' title='bbox 1181 2145 1368 2234; x_wconf 82' lang='lat' dir='ltr'>contempla·</span> 
     </span>
     <span class='ocr_line' id='line_1_20' title="bbox 166 2245 1409 2342; baseline -0.005 -22"><span class='ocrx_word' id='word_1_156' title='bbox 166 2255 289 2321; x_wconf 90' lang='lat' dir='ltr'>tionem</span> <span class='ocrx_word' id='word_1_157' title='bbox 301 2254 437 2320; x_wconf 84' lang='lat' dir='ltr'>admissi</span> <span class='ocrx_word' id='word_1_158' title='bbox 452 2253 650 2341; x_wconf 86' lang='lat' dir='ltr'>appellemur</span> <span class='ocrx_word' id='word_1_159' title='bbox 664 2252 722 2318; x_wconf 89' lang='lat' dir='ltr'>filii</span> <span class='ocrx_word' id='word_1_160' title='bbox 737 2253 932 2342; x_wconf 89' lang='lat' dir='ltr'>Patremque</span> <span class='ocrx_word' id='word_1_161' title='bbox 946 2252 1112 2322; x_wconf 83' lang='lat' dir='ltr'>videamus</span> <span class='ocrx_word' id='word_1_162' title='bbox 1133 2273 1174 2316; x_wconf 87' lang='lat' dir='ltr'>ex</span> <span class='ocrx_word' id='word_1_163' title='bbox 1193 2249 1244 2316; x_wconf 83' lang='lat' dir='ltr'>eis</span> <span class='ocrx_word' id='word_1_164' title='bbox 1266 2250 1367 2323; x_wconf 87' lang='lat' dir='ltr'>solum,</span> <span class='ocrx_word' id='word_1_165' title='bbox 1408 2245 1409 2278; x_wconf 70' lang='lat'><em>³</em></span> 
     </span>
     <span class='ocr_line' id='line_1_21' title="bbox 166 2351 1368 2448; baseline -0.007 -27"><span class='ocrx_word' id='word_1_166' title='bbox 166 2373 248 2448; x_wconf 85' lang='lat' dir='ltr'>quae</span> <span class='ocrx_word' id='word_1_167' title='bbox 263 2357 293 2422; x_wconf 90' lang='lat' dir='ltr'>ei</span> <span class='ocrx_word' id='word_1_168' title='bbox 308 2360 386 2422; x_wconf 90' lang='lat' dir='ltr'>sunt</span> <span class='ocrx_word' id='word_1_169' title='bbox 399 2355 580 2422; x_wconf 88' lang='lat' dir='ltr'>coniuncta.</span> <span class='ocrx_word' id='word_1_170' title='bbox 615 2355 727 2421; x_wconf 93' lang='lat' dir='ltr'>Velle</span> <span class='ocrx_word' id='word_1_171' title='bbox 741 2356 844 2442; x_wconf 84' lang='lat' dir='ltr'>igitur</span> <span class='ocrx_word' id='word_1_172' title='bbox 857 2359 992 2446; x_wconf 90' lang='lat' dir='ltr'>superat</span> <span class='ocrx_word' id='word_1_173' title='bbox 1006 2353 1128 2431; x_wconf 89' lang='lat' dir='ltr'>omnia;</span> <span class='ocrx_word' id='word_1_174' title='bbox 1152 2373 1229 2418; x_wconf 89' lang='lat' dir='ltr'>uam</span> <span class='ocrx_word' id='word_1_175' title='bbox 1245 2351 1368 2418; x_wconf 88' lang='lat' dir='ltr'>rationis</span> 
     </span>
     <span class='ocr_line' id='line_1_22' title="bbox 165 2457 1366 2547; baseline -0.004 -25"><span class='ocrx_word' id='word_1_176' title='bbox 165 2457 338 2524; x_wconf 85' lang='lat' dir='ltr'>facultates</span> <span class='ocrx_word' id='word_1_177' title='bbox 352 2457 531 2525; x_wconf 84' lang='lat' dir='ltr'>voluntatis</span> <span class='ocrx_word' id='word_1_178' title='bbox 546 2457 713 2522; x_wconf 83' lang='lat' dir='ltr'>ministrae</span> <span class='ocrx_word' id='word_1_179' title='bbox 727 2463 814 2524; x_wconf 90' lang='lat' dir='ltr'>sunt.</span> <span class='ocrx_word' id='word_1_180' title='bbox 858 2459 898 2528; x_wconf 91' lang='lat' dir='ltr'>In</span> <span class='ocrx_word' id='word_1_181' title='bbox 914 2458 1063 2547; x_wconf 90' lang='lat' dir='ltr'>gnostico</span> <span class='ocrx_word' id='word_1_182' title='bbox 1085 2457 1366 2529; x_wconf 86' lang='lat' dir='ltr'>autem.voluntas,</span> 
     </span>
     <span class='ocr_line' id='line_1_23' title="bbox 163 2559 1367 2648; baseline -0.002 -22"><span class='ocrx_word' id='word_1_183' title='bbox 163 2560 328 2639; x_wconf 90' lang='lat' dir='ltr'>iudicium,</span> <span class='ocrx_word' id='word_1_184' title='bbox 340 2560 528 2628; x_wconf 86' lang='lat' dir='ltr'>exercitatio</span> <span class='ocrx_word' id='word_1_185' title='bbox 541 2559 643 2636; x_wconf 82' lang='lat' dir='ltr'>idem3</span> <span class='ocrx_word' id='word_1_186' title='bbox 666 2559 745 2626; x_wconf 91' lang='lat' dir='ltr'>haec</span> <span class='ocrx_word' id='word_1_187' title='bbox 756 2560 841 2626; x_wconf 90' lang='lat' dir='ltr'>enim</span> <span class='ocrx_word' id='word_1_188' title='bbox 857 2564 1041 2648; x_wconf 86' lang='lat' dir='ltr'>congruunt</span> <span class='ocrx_word' id='word_1_189' title='bbox 1054 2560 1139 2626; x_wconf 85' lang='lat' dir='ltr'>inter</span> <span class='ocrx_word' id='word_1_190' title='bbox 1154 2581 1189 2625; x_wconf 92' lang='lat' dir='ltr'>se</span> <span class='ocrx_word' id='word_1_191' title='bbox 1204 2561 1323 2628; x_wconf 78' lang='lat' dir='ltr'>omnia.</span> <span class='ocrx_word' id='word_1_192' title='bbox 1334 2591 1367 2608; x_wconf 74' lang='lat'><em>-</em></span> 
     </span>
     <span class='ocr_line' id='line_1_24' title="bbox 164 2659 1367 2754; baseline -0.007 -24"><span class='ocrx_word' id='word_1_193' title='bbox 164 2662 231 2730; x_wconf 90' lang='lat' dir='ltr'>Sed</span> <span class='ocrx_word' id='word_1_194' title='bbox 245 2668 369 2730; x_wconf 89' lang='lat' dir='ltr'>ceteras</span> <span class='ocrx_word' id='word_1_195' title='bbox 390 2685 516 2754; x_wconf 90' lang='lat' dir='ltr'>quoque</span> <span class='ocrx_word' id='word_1_196' title='bbox 529 2661 669 2728; x_wconf 88' lang='lat' dir='ltr'>virtutes</span> <span class='ocrx_word' id='word_1_197' title='bbox 690 2683 800 2730; x_wconf 89' lang='lat' dir='ltr'>omnes</span> <span class='ocrx_word' id='word_1_198' title='bbox 817 2663 904 2752; x_wconf 91' lang='lat' dir='ltr'>apud</span> <span class='ocrx_word' id='word_1_199' title='bbox 923 2663 1072 2751; x_wconf 85' lang='lat' dir='ltr'>Moysem</span> <span class='ocrx_word' id='word_1_200' title='bbox 1088 2661 1229 2750; x_wconf 87' lang='lat' dir='ltr'>scriptas</span> <span class='ocrx_word' id='word_1_201' title='bbox 1245 2659 1367 2729; x_wconf 89' lang='lat' dir='ltr'>Graecis</span> 
     </span>
     <span class='ocr_line' id='line_1_25' title="bbox 163 2763 1367 2854; baseline -0.002 -24"><span class='ocrx_word' id='word_1_202' title='bbox 163 2765 353 2854; x_wconf 87' lang='lat' dir='ltr'>praebuisse</span> <span class='ocrx_word' id='word_1_203' title='bbox 367 2764 470 2832; x_wconf 89' lang='lat' dir='ltr'>totius</span> <span class='ocrx_word' id='word_1_204' title='bbox 485 2764 547 2831; x_wconf 92' lang='lat' dir='ltr'>loci</span> <span class='ocrx_word' id='word_1_205' title='bbox 561 2763 693 2829; x_wconf 88' lang='lat' dir='ltr'>moralis</span> <span class='ocrx_word' id='word_1_206' title='bbox 707 2764 911 2853; x_wconf 90' lang='lat' dir='ltr'>principium,</span> <span class='ocrx_word' id='word_1_207' title='bbox 923 2765 1146 2832; x_wconf 88' lang='lat' dir='ltr'>fortitudinem</span> <span class='ocrx_word' id='word_1_208' title='bbox 1157 2763 1242 2844; x_wconf 81' lang='lat' dir='ltr'>dieo,</span> <span class='ocrx_word' id='word_1_209' title='bbox 1254 2770 1367 2852; x_wconf 90' lang='lat' dir='ltr'>tempe·</span> 
     </span>
     <span class='ocr_line' id='line_1_26' title="bbox 163 2867 1367 2959; baseline -0.002 -25"><span class='ocrx_word' id='word_1_210' title='bbox 163 2868 320 2948; x_wconf 83' lang='lat' dir='ltr'>rentiam,</span> <span class='ocrx_word' id='word_1_211' title='bbox 346 2869 569 2959; x_wconf 87' lang='lat' dir='ltr'>prudentiam,</span> <span class='ocrx_word' id='word_1_212' title='bbox 597 2867 775 2948; x_wconf 90' lang='lat' dir='ltr'>iustitiam,</span> <span class='ocrx_word' id='word_1_213' title='bbox 803 2867 1008 2936; x_wconf 88' lang='lat' dir='ltr'>tolerantiam</span> <span class='ocrx_word' id='word_1_214' title='bbox 1033 2887 1146 2956; x_wconf 91' lang='lat' dir='ltr'>porro,</span> <span class='ocrx_word' id='word_1_215' title='bbox 1172 2869 1367 2956; x_wconf 87' lang='lat' dir='ltr'>patientiam,</span> 
     </span>
     <span class='ocr_line' id='line_1_27' title="bbox 162 2969 1408 3060; baseline -0.005 -22"><span class='ocrx_word' id='word_1_216' title='bbox 162 2971 366 3050; x_wconf 87' lang='lat' dir='ltr'>modestiam,</span> <span class='ocrx_word' id='word_1_217' title='bbox 387 2971 634 3048; x_wconf 85' lang='lat' dir='ltr'>continentiam,</span> <span class='ocrx_word' id='word_1_218' title='bbox 660 2983 806 3060; x_wconf 88' lang='lat' dir='ltr'>qua&#39;eque</span> <span class='ocrx_word' id='word_1_219' title='bbox 825 2969 876 3034; x_wconf 89' lang='lat' dir='ltr'>his</span> <span class='ocrx_word' id='word_1_220' title='bbox 897 2974 1058 3060; x_wconf 85' lang='lat' dir='ltr'>praestat,</span> <span class='ocrx_word' id='word_1_221' title='bbox 1079 2971 1254 3058; x_wconf 85' lang='lat' dir='ltr'>pietatem,</span> <span class='ocrx_word' id='word_1_222' title='bbox 1275 2969 1366 3038; x_wconf 91' lang='lat' dir='ltr'>mani·</span> <span class='ocrx_word' id='word_1_223' title='bbox 1407 3035 1408 3046; x_wconf 48' lang='grc'>,</span> 
     </span>
     <span class='ocr_line' id='line_1_28' title="bbox 162 3073 1408 3172; baseline -0.002 -34"><span class='ocrx_word' id='word_1_224' title='bbox 162 3073 282 3170; x_wconf 79' lang='lat' dir='ltr'>festum</span> <span class='ocrx_word' id='word_1_225' title='bbox 298 3079 360 3141; x_wconf 89' lang='lat' dir='ltr'>est.</span> <span class='ocrx_word' id='word_1_226' title='bbox 403 3076 477 3172; x_wconf 79' lang='lat' dir='ltr'>Hae</span> <span class='ocrx_word' id='word_1_227' title='bbox 492 3079 601 3142; x_wconf 90' lang='lat' dir='ltr'>autem</span> <span class='ocrx_word' id='word_1_228' title='bbox 616 3073 707 3160; x_wconf 88' lang='lat' dir='ltr'>Lege</span> <span class='ocrx_word' id='word_1_229' title='bbox 722 3073 851 3162; x_wconf 90' lang='lat' dir='ltr'>quidem</span> <span class='ocrx_word' id='word_1_230' title='bbox 866 3073 1073 3140; x_wconf 87' lang='lat' dir='ltr'>continentur</span> <span class='ocrx_word' id='word_1_231' title='bbox 1087 3097 1126 3139; x_wconf 92' lang='lat' dir='ltr'>ao</span> <span class='ocrx_word' id='word_1_232' title='bbox 1144 3073 1269 3140; x_wconf 89' lang='lat' dir='ltr'>diserte</span> <span class='ocrx_word' id='word_1_233' title='bbox 1284 3093 1366 3162; x_wconf 89' lang='lat' dir='ltr'>prae·</span> <span class='ocrx_word' id='word_1_234' title='bbox 1407 3125 1408 3168; x_wconf 70' lang='lat'>,</span> 
     </span>
    </p>

    <p class='ocr_par' dir='ltr' id='par_1_5' title="bbox 127 3173 1365 3572">
     <span class='ocr_line' id='line_1_29' title="bbox 127 3173 1364 3267; baseline 0 -31"><span class='ocrx_word' id='word_1_235' title='bbox 127 3221 132 3236; x_wconf 77' lang='lat'><strong>.</strong></span> <span class='ocrx_word' id='word_1_236' title='bbox 164 3173 358 3255; x_wconf 70' lang='lat' dir='ltr'>scribuntur,</span> <span class='ocrx_word' id='word_1_237' title='bbox 381 3199 516 3267; x_wconf 89' lang='lat' dir='ltr'>quarum</span> <span class='ocrx_word' id='word_1_238' title='bbox 541 3175 729 3242; x_wconf 88' lang='lat' dir='ltr'>testimonia</span> <span class='ocrx_word' id='word_1_239' title='bbox 749 3175 910 3261; x_wconf 89' lang='lat' dir='ltr'>colligere,</span> <span class='ocrx_word' id='word_1_240' title='bbox 936 3197 1036 3266; x_wconf 91' lang='lat' dir='ltr'>quum</span> <span class='ocrx_word' id='word_1_241' title='bbox 1056 3177 1207 3242; x_wconf 87' lang='lat' dir='ltr'>universa</span> <span class='ocrx_word' id='word_1_242' title='bbox 1228 3198 1285 3241; x_wconf 89' lang='lat' dir='ltr'>eas</span> <span class='ocrx_word' id='word_1_243' title='bbox 1304 3174 1364 3238; x_wconf 90' lang='lat' dir='ltr'>lau-</span> 
     </span>
     <span class='ocr_line' id='line_1_30' title="bbox 155 3277 1364 3367; baseline -0.002 -24"><span class='ocrx_word' id='word_1_244' title='bbox 155 3277 256 3344; x_wconf 86' lang='lat' dir='ltr'>dibus</span> <span class='ocrx_word' id='word_1_245' title='bbox 277 3280 391 3346; x_wconf 85' lang='lat' dir='ltr'>efferat</span> <span class='ocrx_word' id='word_1_246' title='bbox 412 3279 606 3367; x_wconf 75' lang='lat' dir='ltr'>Scriptura,</span> <span class='ocrx_word' id='word_1_247' title='bbox 623 3279 755 3366; x_wconf 88' lang='lat' dir='ltr'>longum</span> <span class='ocrx_word' id='word_1_248' title='bbox 772 3281 837 3343; x_wconf 85' lang='lat' dir='ltr'>est.</span> <span class='ocrx_word' id='word_1_249' title='bbox 885 3277 968 3344; x_wconf 89' lang='lat' dir='ltr'>Rem</span> <span class='ocrx_word' id='word_1_250' title='bbox 988 3299 1063 3344; x_wconf 89' lang='lat' dir='ltr'>vero</span> <span class='ocrx_word' id='word_1_251' title='bbox 1082 3279 1131 3344; x_wconf 92' lang='lat' dir='ltr'>ita</span> <span class='ocrx_word' id='word_1_252' title='bbox 1152 3299 1224 3346; x_wconf 90' lang='lat' dir='ltr'>sese</span> <span class='ocrx_word' id='word_1_253' title='bbox 1245 3278 1364 3352; x_wconf 89' lang='lat' dir='ltr'>habere,</span> 
     </span>
     <span class='ocr_line' id='line_1_31' title="bbox 161 3378 1365 3469; baseline -0.002 -26"><span class='ocrx_word' id='word_1_254' title='bbox 161 3402 260 3465; x_wconf 90' lang='lat' dir='ltr'>quum</span> <span class='ocrx_word' id='word_1_255' title='bbox 279 3379 424 3447; x_wconf 52' lang='lat' dir='ltr'>virtutes*</span> <span class='ocrx_word' id='word_1_256' title='bbox 441 3403 475 3446; x_wconf 92' lang='lat' dir='ltr'>se</span> <span class='ocrx_word' id='word_1_257' title='bbox 496 3381 661 3469; x_wconf 88' lang='lat' dir='ltr'>excipiant</span> <span class='ocrx_word' id='word_1_258' title='bbox 680 3379 833 3456; x_wconf 89' lang='lat' dir='ltr'>invicem,</span> <span class='ocrx_word' id='word_1_259' title='bbox 859 3378 962 3446; x_wconf 87' lang='lat' dir='ltr'>altera</span> <span class='ocrx_word' id='word_1_260' title='bbox 982 3381 1132 3459; x_wconf 90' lang='lat' dir='ltr'>alteram,</span> <span class='ocrx_word' id='word_1_261' title='bbox 1158 3403 1293 3448; x_wconf 88' lang='lat' dir='ltr'>necesse</span> <span class='ocrx_word' id='word_1_262' title='bbox 1312 3381 1365 3444; x_wconf 90' lang='lat' dir='ltr'>est</span> 
     </span>
     <span class='ocr_line' id='line_1_32' title="bbox 162 3477 1364 3572; baseline -0.002 -25"><span class='ocrx_word' id='word_1_263' title='bbox 162 3482 391 3566; x_wconf 80' lang='lat' dir='ltr'>Quamobrem,</span> <span class='ocrx_word' id='word_1_264' title='bbox 407 3483 462 3572; x_wconf 93' lang='lat' dir='ltr'>qui</span> <span class='ocrx_word' id='word_1_265' title='bbox 477 3477 582 3549; x_wconf 87' lang='lat' dir='ltr'>sciens</span> <span class='ocrx_word' id='word_1_266' title='bbox 596 3500 693 3550; x_wconf 88' lang='lat' dir='ltr'>unam</span> <span class='ocrx_word' id='word_1_267' title='bbox 713 3481 814 3546; x_wconf 87' lang='lat' dir='ltr'>habet</span> <span class='ocrx_word' id='word_1_268' title='bbox 827 3480 994 3561; x_wconf 75' lang='lat' dir='ltr'>virtutem,</span> <span class='ocrx_word' id='word_1_269' title='bbox 1013 3486 1160 3550; x_wconf 88' lang='lat' dir='ltr'>mutuam</span> <span class='ocrx_word' id='word_1_270' title='bbox 1181 3506 1240 3571; x_wconf 89' lang='lat' dir='ltr'>per</span> <span class='ocrx_word' id='word_1_271' title='bbox 1260 3501 1364 3551; x_wconf 86' lang='lat' dir='ltr'>conse-</span> 
     </span>
    </p>

    <p class='ocr_par' dir='ltr' id='par_1_6' title="bbox 78 3581 1407 4701">
     <span class='ocr_line' id='line_1_33' title="bbox 78 3581 1363 3679; baseline -0.005 -28"><span class='ocrx_word' id='word_1_272' title='bbox 78 3602 90 3612; x_wconf 52' lang='lat'>*</span> <span class='ocrx_word' id='word_1_273' title='bbox 158 3583 325 3678; x_wconf 80' lang='lat' dir='ltr'>quantiam</span> <span class='ocrx_word' id='word_1_274' title='bbox 339 3586 486 3679; x_wconf 84' lang='lat' dir='ltr'>possidet</span> <span class='ocrx_word' id='word_1_275' title='bbox 500 3605 622 3652; x_wconf 90' lang='lat' dir='ltr'>omnes.</span> <span class='ocrx_word' id='word_1_276' title='bbox 667 3581 796 3665; x_wconf 82' lang='lat' dir='ltr'>Quodsi</span> <span class='ocrx_word' id='word_1_277' title='bbox 818 3583 858 3649; x_wconf 88' lang='lat' dir='ltr'>de</span> <span class='ocrx_word' id='word_1_278' title='bbox 872 3583 1050 3674; x_wconf 79' lang='lat' dir='ltr'>virtutibus</span> <span class='ocrx_word' id='word_1_279' title='bbox 1070 3587 1165 3652; x_wconf 88' lang='lat' dir='ltr'>modo</span> <span class='ocrx_word' id='word_1_280' title='bbox 1185 3582 1363 3652; x_wconf 86' lang='lat' dir='ltr'>memoratis</span> 
     </span>
     <span class='ocr_line' id='line_1_34' title="bbox 158 3683 1363 3776; baseline -0.003 -24"><span class='ocrx_word' id='word_1_281' title='bbox 158 3687 330 3773; x_wconf 85' lang='lat' dir='ltr'>egerimus,</span> <span class='ocrx_word' id='word_1_282' title='bbox 347 3685 387 3754; x_wconf 90' lang='lat' dir='ltr'>de</span> <span class='ocrx_word' id='word_1_283' title='bbox 402 3687 550 3754; x_wconf 89' lang='lat' dir='ltr'>omnibus</span> <span class='ocrx_word' id='word_1_284' title='bbox 570 3688 658 3753; x_wconf 88' lang='lat' dir='ltr'>certe</span> <span class='ocrx_word' id='word_1_285' title='bbox 676 3683 936 3753; x_wconf 86' lang='lat' dir='ltr'>disseruerimus.</span> <span class='ocrx_word' id='word_1_286' title='bbox 970 3685 1193 3774; x_wconf 48' lang='lat' dir='ltr'>¹Continentia</span> <span class='ocrx_word' id='word_1_287' title='bbox 1210 3689 1313 3776; x_wconf 88' lang='lat' dir='ltr'>igitur</span> <span class='ocrx_word' id='word_1_288' title='bbox 1332 3705 1363 3751; x_wconf 85' lang='lat' dir='ltr'>ea</span> 
     </span>
     <span class='ocr_line' id='line_1_35' title="bbox 157 3787 1407 3880; baseline -0.002 -26"><span class='ocrx_word' id='word_1_289' title='bbox 157 3793 210 3862; x_wconf 85' lang='lat' dir='ltr'>est</span> <span class='ocrx_word' id='word_1_290' title='bbox 224 3790 363 3868; x_wconf 85' lang='lat' dir='ltr'>affectio,</span> <span class='ocrx_word' id='word_1_291' title='bbox 379 3811 444 3879; x_wconf 88' lang='lat' dir='ltr'>qua</span> <span class='ocrx_word' id='word_1_292' title='bbox 458 3789 531 3877; x_wconf 87' lang='lat' dir='ltr'>quis</span> <span class='ocrx_word' id='word_1_293' title='bbox 545 3787 625 3854; x_wconf 90' lang='lat' dir='ltr'>nihil</span> <span class='ocrx_word' id='word_1_294' title='bbox 640 3809 760 3866; x_wconf 91' lang='lat' dir='ltr'>eorum,</span> <span class='ocrx_word' id='word_1_295' title='bbox 781 3811 863 3880; x_wconf 89' lang='lat' dir='ltr'>quae</span> <span class='ocrx_word' id='word_1_296' title='bbox 884 3794 992 3858; x_wconf 83' lang='lat' dir='ltr'>rectas</span> <span class='ocrx_word' id='word_1_297' title='bbox 1011 3791 1131 3859; x_wconf 88' lang='lat' dir='ltr'>rationi</span> <span class='ocrx_word' id='word_1_298' title='bbox 1153 3793 1363 3858; x_wconf 88' lang='lat' dir='ltr'>consentanea</span> <span class='ocrx_word' id='word_1_299' title='bbox 1406 3861 1407 3864; x_wconf 8' lang='grc' dir='ltr'><strong>Ἴ</strong></span> 
     </span>
     <span class='ocr_line' id='line_1_36' title="bbox 157 3890 1363 3984; baseline -0.006 -24"><span class='ocrx_word' id='word_1_300' title='bbox 157 3893 229 3960; x_wconf 83' lang='lat' dir='ltr'>visa</span> <span class='ocrx_word' id='word_1_301' title='bbox 242 3892 373 3972; x_wconf 87' lang='lat' dir='ltr'>luerint,</span> <span class='ocrx_word' id='word_1_302' title='bbox 388 3893 523 3979; x_wconf 84' lang='lat' dir='ltr'>migrat3</span> <span class='ocrx_word' id='word_1_303' title='bbox 547 3891 714 3957; x_wconf 81' lang='lat' dir='ltr'>continens</span> <span class='ocrx_word' id='word_1_304' title='bbox 734 3892 835 3971; x_wconf 91' lang='lat' dir='ltr'>enim,</span> <span class='ocrx_word' id='word_1_305' title='bbox 855 3894 911 3983; x_wconf 92' lang='lat' dir='ltr'>qui</span> <span class='ocrx_word' id='word_1_306' title='bbox 931 3893 1164 3982; x_wconf 90' lang='lat' dir='ltr'>appetitiones,</span> <span class='ocrx_word' id='word_1_307' title='bbox 1186 3915 1272 3984; x_wconf 89' lang='lat' dir='ltr'>quae</span> <span class='ocrx_word' id='word_1_308' title='bbox 1294 3890 1363 3958; x_wconf 87' lang='lat' dir='ltr'>sunt</span> 
     </span>
     <span class='ocr_line' id='line_1_37' title="bbox 156 3991 1362 4083; baseline -0.004 -22"><span class='ocrx_word' id='word_1_309' title='bbox 156 3998 286 4083; x_wconf 85' lang='lat' dir='ltr'>praeter</span> <span class='ocrx_word' id='word_1_310' title='bbox 308 3999 430 4060; x_wconf 87' lang='lat' dir='ltr'>rectam</span> <span class='ocrx_word' id='word_1_311' title='bbox 446 3993 628 4075; x_wconf 66' lang='lat' dir='ltr'>(rationem,</span> <span class='ocrx_word' id='word_1_312' title='bbox 654 3993 810 4061; x_wconf 89' lang='lat' dir='ltr'>continet.</span> <span class='ocrx_word' id='word_1_313' title='bbox 863 3995 919 4062; x_wconf 89' lang='lat' dir='ltr'>Sit</span> <span class='ocrx_word' id='word_1_314' title='bbox 943 4017 1023 4083; x_wconf 86' lang='lat' dir='ltr'>ergo</span> <span class='ocrx_word' id='word_1_315' title='bbox 1045 3997 1140 4064; x_wconf 85' lang='lat' dir='ltr'>fortis</span> <span class='ocrx_word' id='word_1_316' title='bbox 1167 3991 1362 4062; x_wconf 88' lang='lat' dir='ltr'>continentia</span> 
     </span>
     <span class='ocr_line' id='line_1_38' title="bbox 156 4096 1360 4188; baseline -0.005 -24"><span class='ocrx_word' id='word_1_317' title='bbox 156 4101 295 4186; x_wconf 89' lang='lat' dir='ltr'>oportet.</span> <span class='ocrx_word' id='word_1_318' title='bbox 343 4096 456 4186; x_wconf 87' lang='lat' dir='ltr'>Neque</span> <span class='ocrx_word' id='word_1_319' title='bbox 478 4117 556 4162; x_wconf 87' lang='lat' dir='ltr'>vero</span> <span class='ocrx_word' id='word_1_320' title='bbox 580 4097 796 4186; x_wconf 88' lang='lat' dir='ltr'>temperantia</span> <span class='ocrx_word' id='word_1_321' title='bbox 823 4097 892 4164; x_wconf 90' lang='lat' dir='ltr'>sine</span> <span class='ocrx_word' id='word_1_322' title='bbox 917 4097 1125 4178; x_wconf 88' lang='lat' dir='ltr'>fortitudine,</span> <span class='ocrx_word' id='word_1_323' title='bbox 1154 4101 1301 4188; x_wconf 85' lang='lat' dir='ltr'>atquae</span> <span class='ocrx_word' id='word_1_324' title='bbox 1326 4115 1360 4160; x_wconf 88' lang='lat' dir='ltr'>ex</span> 
     </span>
     <span class='ocr_line' id='line_1_39' title="bbox 154 4193 1360 4292; baseline -0.003 -26"><span class='ocrx_word' id='word_1_325' title='bbox 154 4202 337 4292; x_wconf 86' lang='lat' dir='ltr'>praeceptis</span> <span class='ocrx_word' id='word_1_326' title='bbox 363 4199 487 4266; x_wconf 89' lang='lat' dir='ltr'>oriatur</span> <span class='ocrx_word' id='word_1_327' title='bbox 510 4200 605 4265; x_wconf 91' lang='lat' dir='ltr'>deum</span> <span class='ocrx_word' id='word_1_328' title='bbox 631 4193 745 4266; x_wconf 68' lang='lat' dir='ltr'>caute</span> <span class='ocrx_word' id='word_1_329' title='bbox 768 4199 1035 4288; x_wconf 70' lang='lat' dir='ltr'>praecipientem</span> <span class='ocrx_word' id='word_1_330' title='bbox 1057 4221 1162 4290; x_wconf 86' lang='lat' dir='ltr'>neque</span> <span class='ocrx_word' id='word_1_331' title='bbox 1182 4199 1360 4289; x_wconf 89' lang='lat' dir='ltr'>prudentia,</span> 
     </span>
     <span class='ocr_line' id='line_1_40' title="bbox 154 4301 1407 4394; baseline -0.002 -24"><span class='ocrx_word' id='word_1_332' title='bbox 154 4325 259 4393; x_wconf 87' lang='lat' dir='ltr'>neque</span> <span class='ocrx_word' id='word_1_333' title='bbox 270 4303 409 4382; x_wconf 85' lang='lat' dir='ltr'>iustitia,</span> <span class='ocrx_word' id='word_1_334' title='bbox 426 4323 509 4392; x_wconf 90' lang='lat' dir='ltr'>quae</span> <span class='ocrx_word' id='word_1_335' title='bbox 523 4301 666 4370; x_wconf 84' lang='lat' dir='ltr'>divinam</span> <span class='ocrx_word' id='word_1_336' title='bbox 680 4301 925 4390; x_wconf 86' lang='lat' dir='ltr'>dispositionem</span> <span class='ocrx_word' id='word_1_337' title='bbox 939 4301 1097 4384; x_wconf 86' lang='lat' dir='ltr'>imitatur,</span> <span class='ocrx_word' id='word_1_338' title='bbox 1118 4325 1183 4394; x_wconf 87' lang='lat' dir='ltr'>qua</span> <span class='ocrx_word' id='word_1_339' title='bbox 1197 4303 1358 4370; x_wconf 88' lang='lat' dir='ltr'>continen-</span> <span class='ocrx_word' id='word_1_340' title='bbox 1406 4303 1407 4328; x_wconf 67' lang='lat'>¹</span> 
     </span>
     <span class='ocr_line' id='line_1_41' title="bbox 153 4403 1357 4498; baseline -0.003 -26"><span class='ocrx_word' id='word_1_341' title='bbox 153 4409 205 4472; x_wconf 86' lang='lat' dir='ltr'>tes</span> <span class='ocrx_word' id='word_1_342' title='bbox 220 4404 399 4498; x_wconf 85' lang='lat' dir='ltr'>mundique·</span> <span class='ocrx_word' id='word_1_343' title='bbox 415 4403 456 4472; x_wconf 83' lang='lat' dir='ltr'>ad</span> <span class='ocrx_word' id='word_1_344' title='bbox 474 4406 631 4495; x_wconf 88' lang='lat' dir='ltr'>pietatem</span> <span class='ocrx_word' id='word_1_345' title='bbox 651 4405 831 4494; x_wconf 87' lang='lat' dir='ltr'>agendique</span> <span class='ocrx_word' id='word_1_346' title='bbox 850 4406 1009 4472; x_wconf 83' lang='lat' dir='ltr'>rationem</span> <span class='ocrx_word' id='word_1_347' title='bbox 1030 4405 1090 4472; x_wconf 88' lang='lat' dir='ltr'>deo</span> <span class='ocrx_word' id='word_1_348' title='bbox 1110 4405 1357 4480; x_wconf 89' lang='lat' dir='ltr'>convenientem,</span> 
     </span>
     <span class='ocr_line' id='line_1_42' title="bbox 152 4505 1407 4598; baseline -0.002 -26"><span class='ocrx_word' id='word_1_349' title='bbox 152 4505 305 4586; x_wconf 90' lang='lat' dir='ltr'>Domino,</span> <span class='ocrx_word' id='word_1_350' title='bbox 321 4508 427 4598; x_wconf 88' lang='lat' dir='ltr'>quoad</span> <span class='ocrx_word' id='word_1_351' title='bbox 440 4507 630 4576; x_wconf 91' lang='lat' dir='ltr'>mortalibus</span> <span class='ocrx_word' id='word_1_352' title='bbox 645 4507 783 4586; x_wconf 90' lang='lat' dir='ltr'>licuerit,</span> <span class='ocrx_word' id='word_1_353' title='bbox 799 4505 990 4588; x_wconf 90' lang='lat' dir='ltr'>assimulati,</span> <span class='ocrx_word' id='word_1_354' title='bbox 1005 4509 1178 4578; x_wconf 90' lang='lat' dir='ltr'>tendimus.</span> <span class='ocrx_word' id='word_1_355' title='bbox 1198 4509 1239 4576; x_wconf 88' lang='lat' dir='ltr'>Id</span> <span class='ocrx_word' id='word_1_356' title='bbox 1253 4511 1356 4575; x_wconf 90' lang='lat' dir='ltr'>autem</span> <span class='ocrx_word' id='word_1_357' title='bbox 1406 4527 1407 4546; x_wconf 47' lang='grc' dir='ltr'><strong>ι</strong></span> 
     </span>
     <span class='ocr_line' id='line_1_43' title="bbox 154 4609 1406 4701; baseline -0.002 -22"><span class='ocrx_word' id='word_1_358' title='bbox 154 4612 208 4680; x_wconf 89' lang='lat' dir='ltr'>est</span> <span class='ocrx_word' id='word_1_359' title='bbox 219 4610 343 4680; x_wconf 90' lang='lat' dir='ltr'>iustum</span> <span class='ocrx_word' id='word_1_360' title='bbox 357 4610 427 4680; x_wconf 87' lang='lat' dir='ltr'>fieri</span> <span class='ocrx_word' id='word_1_361' title='bbox 448 4613 483 4681; x_wconf 90' lang='lat' dir='ltr'>et</span> <span class='ocrx_word' id='word_1_362' title='bbox 503 4613 652 4684; x_wconf 85' lang='lat' dir='ltr'>sanctum</span> <span class='ocrx_word' id='word_1_363' title='bbox 678 4633 751 4680; x_wconf 88' lang='lat' dir='ltr'>oum</span> <span class='ocrx_word' id='word_1_364' title='bbox 770 4609 954 4701; x_wconf 84' lang='lat' dir='ltr'>prudentia.</span> <span class='ocrx_word' id='word_1_365' title='bbox 994 4610 1221 4691; x_wconf 74' lang='lat' dir='ltr'>neamenim,</span> <span class='ocrx_word' id='word_1_366' title='bbox 1247 4611 1356 4700; x_wconf 87' lang='lat' dir='ltr'>utpote</span> <span class='ocrx_word' id='word_1_367' title='bbox 1401 4641 1406 4656; x_wconf 81' lang='lat'><em>=</em></span> 
     </span>
    </p>
   </div>
   <div class='ocr_carea' id='block_1_4' title="bbox 0 0 1420 5052">
    <p class='ocr_par' dir='ltr' id='par_1_7' title="bbox 0 0 1420 5052">
     <span class='ocr_line' id='line_1_44' title="bbox 0 0 1420 5052; baseline 0 4"><span class='ocrx_word' id='word_1_368' title='bbox 0 0 1420 5052; x_wconf 95' lang='lat' dir='ltr'> </span> 
     </span>
    </p>
   </div>
  </div>
 </body>
</html>
