2820 5052
726 293 789 362 1⁹8

148 484 204 572 qui
218 481 312 552 utilia
324 481 442 560 nescit,
458 478 613 548 honestas
627 481 772 566 actiones
784 479 937 570 perficere
949 500 1015 548 non
1024 479 1146 570 potest,
1162 501 1261 568 neque
1270 481 1343 556 reete

146 586 242 652 deum
253 586 415 672 precatur,
427 583 512 648 dona
522 583 657 670 accepta
667 607 732 652 non
744 583 839 662 tanti,
855 582 969 670 quanti
982 586 1070 662 sunt,
1085 582 1343 662 aestimatrfinen

147 709 225 773 ergo
244 688 369 752 rectum
387 709 453 752 non
469 685 573 767 novit,
593 710 659 752 non
670 686 790 774 tangit.
820 685 989 752 Eiusmodi
1006 684 1100 752 homo
1115 686 1216 773 igitur
1227 686 1344 774 primum

147 789 261 856 discat.
304 787 335 858 N
336 811 379 856 on
399 788 552 854 didicisse
566 788 697 854 enimin
712 775 888 868 causaest,
903 790 942 854 ut
952 788 1130 874 ignoretur.

211 891 279 958 Sed
298 889 384 958 bona
405 890 603 979 conscientia
624 893 796 958 conservat
814 894 849 958 et
872 890 1080 958 sanctitatem
1100 911 1179 978 erga
1197 890 1301 968 deum,
1321 891 1347 956 et

148 991 311 1060 iustitiam
325 1015 404 1078 erga
416 991 573 1070 homines,
588 993 742 1061 mundam
752 992 962 1060 custodiendo
974 993 1113 1060 animam
1122 992 1266 1060 honestis
1276 991 1347 1078 oogi·

148 1093 340 1172 talionibus,
355 1095 463 1162 verbis
479 1094 591 1172 castis,
606 1095 703 1162 iustis
719 1093 882 1182 operibus.
927 1093 1096 1162 Eiusmodi
1108 1095 1225 1174 anima,
1239 1099 1277 1162 ut
1288 1098 1347 1160 tan·
1389 1143 1390 1152 ι

151 1219 249 1284 quam
263 1197 343 1264 deus
356 1197 426 1276 fiat,
448 1197 577 1274 nititur,
592 1195 715 1262 nullum
730 1196 818 1262 alind
829 1197 949 1284 putans
965 1219 1037 1264 esee
1051 1197 1182 1277 malum,
1197 1197 1259 1266 nisi
1271 1197 1348 1285 igno
1390 1157 1391 1230 l

64 1373 68 1382 ¹
149 1299 311 1365 rationem
337 1302 372 1365 et
393 1299 516 1365 iactum
537 1320 603 1364 non
623 1301 722 1364 recte.
766 1298 900 1382 Iamque
924 1321 1051 1388 semper
1075 1299 1116 1366 de
1136 1300 1285 1368 omnibus
1303 1299 1349 1366 deo

150 1423 251 1488 agens
263 1402 387 1490 gratias
399 1400 488 1468 iusta
499 1399 675 1478 auditione,
688 1400 825 1469 lectione
836 1402 955 1482 divina,
971 1425 1049 1468 vera
1058 1402 1276 1490 inquisitione,
1290 1425 1349 1468 san·

149 1507 204 1570 cta
214 1503 387 1583 oblatione,
402 1504 500 1572 beata
510 1502 667 1580 oratione,
681 1501 829 1590 laudans,
845 1525 975 1580 canens,
989 1501 1195 1586 benedicens,
1210 1503 1349 1596 psallens:
1394 1572 1395 1598 ¹

148 1605 243 1672 a‘dco
257 1607 347 1672 nullo
365 1631 508 1694 unquam
523 1610 669 1694 ternpore
684 1605 763 1672 talis
778 1605 941 1685 dividitur
955 1605 1071 1672 anima.
1114 1607 1162 1674 Et
1177 1608 1256 1675 haec
1271 1611 1303 1676 et
1288 1608 1351 1674 tien

148 1709 441 1798 praeclarissimam
462 1709 668 1776 nanciscetur
687 1707 896 1774 mansionem.
939 1707 1025 1776 Nam
1045 1712 1138 1788 sunt,
1163 1713 1205 1779 nt
1219 1709 1350 1784 diximus,
1396 1778 1397 1808 ¹

150 1835 210 1902 pro
230 1812 305 1878 fidei
329 1811 538 1929 proportione
567 1810 675 1876 variae
695 1810 896 1888 mansiones,
925 1833 984 1900 pro
1004 1811 1165 1898 dignitate
1191 1814 1227 1878 et
1246 1809 1398 1914 meritis¹

150 1937 339 2004 eornm,qu1
329 1914 570 1982 crediderunt.
613 1911 660 1978 Et
674 1912 819 2001 perlecta
838 1913 968 2000 quidem
982 1911 1166 1984 haereditas
1182 1937 1289 1982 eorum
1303 1882 1399 2016 ιιιζ

150 2039 206 2102 an
196 2016 394 2082 evadunt
384 2040 424 2082 ιιι
438 2015 817 2104 vrrumperiectum
840 2016 1067 2103 adimaginem
1080 2017 1227 2084 Domini.
1270 1984 1400 2126 Siai-¹¹

149 2119 254 2184 litudo
268 2123 378 2186 autem
391 2141 457 2186 non
471 2120 524 2184 est
539 2119 715 2186 secundum
730 2119 931 2206 quorundam
947 2118 1130 2208 opinionem
1144 2119 1180 2186 in
1191 2119 1294 2206 figura
1305 2088 1400 2182 hu·

149 2243 319 2299 mana3-
279 2222 421 2288 -haec
434 2221 629 2287 considerat
604 2225 651 2286 tro
667 2243 714 2286 rer
704 2220 805 2290 est
795 2221 970 2310 rmpia;-
929 2243 1045 2288 -nec
1058 2243 1135 2289 vero
1150 2244 1235 2311 quae
1249 2219 1353 2310 primae

150 2346 268 2390 caueae
282 2323 406 2390 virtute
419 2324 562 2390 traditur
577 2323 691 2390 similit
676 2323 771 2402 t3udo
787 2361 830 2374 -
850 2326 903 2390 eet
922 2323 1007 2390 enim
1026 2323 1107 2392 haec
1125 2346 1255 2414 quoque
1271 2319 1354 2408 impia

150 2425 262 2490 tradit
239 2429 285 2491 ιιο
300 2447 421 2504 eornm,
443 2449 499 2512 qur
489 2425 648 2494 eandem
663 2429 896 2516 exspectarunt
909 2425 1064 2494 virtutem
1085 2428 1215 2494 esseet
1200 2420 1354 2508 thominis
1402 2459 1403 2462 =

150 2532 185 2594 et
210 2527 262 2594 de1
292 2527 565 2615 omnipoten
496 2536 577 2594 ιι
553 2526 715 2610 >Qui
743 2527 1023 2608 Existimasti,
1059 2527 1182 2616 inquit,
1218 2524 1354 2612 inique,

151 2631 254 2716 quod
276 2652 340 2696 ero
362 2629 439 2696 tibi
455 2627 618 2696 similist
647 2629 698 2694 At
682 2631 797 2698 etnim
811 2652 903 2709 vero,
926 2654 983 2718 qur
972 2630 1077 2698 ''est
1067 2655 1102 2698 ιιι
1116 2630 1221 2696 filium
1235 2629 1354 2715 adopta·

149 2736 216 2812 tus,
233 2732 290 2798 et'
280 2756 314 2798 ιιι
327 2754 496 2801 numerum
510 2731 685 2798 amicorum
696 2736 828 2822 cooptat
829 2756 880 2812 us,
895 2733 928 2800 is·
939 2733 977 2800 fit
992 2735 1033 2800 ad
1047 2732 1100 2800 dei
1115 2732 1355 2804 similitudinem,

151 2839 185 2902 et
201 2839 253 2901 est
267 2835 379 2900 haeres
396 2857 469 2904 curn
484 2835 635 2902 Dominis
651 2857 689 2902 ac
703 2835 782 2914 diis,
804 2836 842 2914 si,
857 2839 896 2905 ut
909 2837 980 2926 ipse
993 2836 1105 2908 docuit
1117 2835 1297 2914 Dominus,
1315 2852 1355 2900 ss·

61 2935 67 2949 '
150 2938 291 3006 cundum
307 2937 522 3026 Evangelium
537 2938 636 3004 fuerit
649 2938 868 3026 perfectae).
1373 2957 1376 2965 '

168 3116 172 3122 ¹
217 3040 397 3108 Gnosticus
411 3040 515 3128 igitur
527 3040 579 3106 dei
591 3040 845 3119 similitudinem,
860 3039 1011 3128 magistri
1022 3040 1173 3118 mentem,
1189 3037 1357 3128 exprimens

151 3143 295 3211 docendo
311 3141 457 3232 quidem,
479 3143 577 3208 animi
593 3143 732 3217 elatione
747 3145 886 3230 quadam
900 3146 1044 3234 accepta,
1060 3143 1156 3210 docet
1179 3142 1222 3210 in
1247 3136 1357 3208 tectis
1403 3171 1404 3178 ι

150 3269 217 3324 eos,
234 3245 290 3336 qui
305 3245 371 3311 alte
391 3245 505 3310 volhnt
525 3245 703 3324 aedificaris
727 3246 858 3326 docet,
881 3271 981 3334 quum
1001 3246 1065 3312 iam
1087 3247 1185 3312 antea
1214 3239 1357 3312 iecerit

152 3347 352 3432 Quaeenim
372 3346 442 3412 fieri
462 3350 630 3436 possunt,¹
645 3371 684 3414 aa
703 3353 878 3437 praecepta
898 3351 985 3418 sunt
1027 3351 1142 3436 Atque
1154 3347 1358 3437 principatum

151 3449 299 3518 obtineat
312 3447 499 3537 praesitque
514 3451 654 3536 oportet,
670 3451 725 3538 qui
739 3451 859 3538 regalis
874 3454 926 3518 ert
941 3455 976 3518 et
990 3450 1196 3520 christianus.
1227 3444 1360 3536 Solantia

138 3553 253 3642 'igitur
267 3550 370 3620 bonae
385 3551 472 3618 vitae
485 3553 519 3616 et
533 3550 636 3618 malae
652 3552 761 3618 salvus
776 3553 1010 3642 fit'gnosticne,
1025 3554 1116 3643 plus
1137 3553 1319 3640 intelligens
1332 3547 1360 3612 ιι

151 3677 304 3748 operans,
327 3677 441 3740 quam
464 3653 628 3720 Scribae
643 3657 678 3720 ιι
691 3655 868 3722 Pharisaei.
913 3657 979 3724 Sed
993 3655 1162 3744 gnosticas
1176 3677 1243 3722 nou
1257 3647 1359 3740 quovis

152 3763 297 3848 tempore
312 3756 417 3822 docet.
453 3753 540 3840 ¹Qui
554 3757 690 3824 intelli
698 3758 775 3844 git,
791 3759 840 3824 ait
854 3757 1034 3846 Scriptura,
1054 3758 1285 3846 intempore
1298 3750 1358 3818 illo

154 3861 309 3939 silebit,
332 3859 409 3926 dum
424 3857 536 3924 audire
549 3859 664 3926 volunt
678 3860 813 3950 indigni.
858 3860 968 3942 Quare
982 3861 1179 3928 Dominus
1194 3860 1263 3926 dat
1277 3849 1358 3922 mihi

151 3965 327 4050 linguam
354 3959 682 4050 disciplinae,*ut
711 3963 849 4042 sciam,
873 3963 1001 4050 quando
1020 3964 1171 4050 oporteat
1188 3959 1279 4048 loqui
1301 3975 1358 4022 scr·

153 4089 291 4134 monem.
321 4063 386 4130 Est
397 4085 475 4152 ergo
484 4064 625 4150 gnostici
637 4065 686 4134 uti
699 4064 780 4133 scire
793 4087 938 4135 sermone
953 4068 988 4134 et
999 4067 1136 4155 qnando,
1152 4066 1187 4134 et
1200 4056 1358 4152 quomodo,

154 4173 189 4239 et
205 4191 313 4256 coram
324 4165 442 4254 quibus
458 4169 597 4256 oportet.
684 4259 686 4266 ζ

205 4426 232 4494 3)
249 4427 446 4481 Animadversa
457 4427 548 4494 velim,
573 4441 651 4494 quam
667 4428 793 4484 subtiliter
809 4434 834 4480 ιι
849 4433 925 4481 cante
935 4427 1052 4482 Clemens
1069 4426 1270 4492 arnasano,
1291 4431 1355 4488 quen

154 4527 279 4576 vocamus,
292 4514 407 4570 declinet.

90 4645 95 4658 .
205 4598 232 4663 ²)
250 4613 274 4666 Ρ.
287 4596 433 4658 788498.
