2830 5052
711 313 774 382 156

94 479 97 485 Δ
143 501 330 581 oitamcntc,
344 521 427 587 quse
440 503 568 598 vocant,
588 503 622 568 in
637 480 889 570 omnibusvitse
903 501 1116 590 temporibus.
1161 499 1227 567 Sed
1243 521 1366 568 secun·

142 604 219 672 dum
234 603 430 690 Apostolum
445 603 621 694 prophetae
636 605 765 690 quidem
780 605 914 694 perfecti
930 607 1009 670 sunt
1026 605 1061 669 in
1075 595 1257 692 prophetia,
1280 602 1367 670 iusti

142 706 176 775 in
191 706 329 784 iustitia,
344 709 503 793 martyres
512 707 548 773 in
558 708 769 785 confessione,
784 705 841 772 elii
855 707 890 771 in
903 707 1154 794 praedicatione,
1170 727 1235 770 non
1247 703 1366 793 e'xper-

142 812 193 876 tes
209 808 339 895 quidem
353 809 511 876 virtutum
526 811 752 888 communium,
770 807 827 876 sed
840 810 1008 896 praeterea
1022 807 1086 887 eis,
1117 809 1158 879 ed
1177 829 1262 894 quse
1284 812 1367 874 snut

142 911 293 988 ordinati,
309 911 510 978 excellentes.
541 911 625 994 Quis
640 913 725 978 euim
740 933 839 978 sanae
853 912 982 990 mentis,
997 911 1188 1000 prophetem
1204 933 1273 978 non
1288 933 1366 978 esse

65 1017 71 1036 ⁸
140 1013 265 1080 iustum
282 1012 420 1080 dixerit?
450 1013 528 1082 Sed
549 1015 824 1100 unusquisque
845 1013 967 1081 hebet
992 1015 1192 1102 proprium
1214 1015 1365 1081 donum

143 1129 163 1182 'e
185 1115 274 1194 deo;
297 1115 360 1202 biJc
382 1116 536 1202 quidem
561 1119 634 1194 sic,
657 1117 727 1182 ille
749 1133 843 1182 vero
864 1117 937 1182 sic:
974 1115 1129 1204 Apostoli
1143 1119 1254 1183 eutem
1269 1117 1364 1184 inere

122 1303 127 1308 .
142 1216 229 1305 pleni
244 1237 283 1282 eo
298 1217 430 1304 perfecti
444 1219 479 1284 in
494 1219 661 1297 comibus.¹
685 1218 860 1286 Sciendum
873 1222 927 1284 est
940 1221 1060 1296 cutem,
1080 1215 1175 1286 Pauli
1189 1219 1363 1308 epistolas,

143 1320 372 1408 quemvisipse
382 1321 616 1407 Apostolorum
628 1323 673 1389 sit
682 1321 890 1398 novissimus,
904 1323 1070 1396 temenex
1083 1321 1149 1386 voe.
1161 1319 1254 1402 Test.
1267 1345 1366 1409 pror-

144 1443 199 1488 sus
215 1421 364 1508 pendere,
379 1421 453 1488 hinc
467 1423 628 1511 spirantes
649 1446 687 1490 ec
701 1425 882 1510 loquentes.
909 1421 993 1488 Nam
1004 1420 1085 1488 tides
1096 1422 1131 1488 in
1143 1419 1321 1489 Christum
1332 1428 1364 1490 et

143 1524 314 1610 Evangelii
328 1525 470 1611 cognitio
485 1525 587 1612 Legis
602 1530 655 1592 est
667 1525 829 1615 expositio
842 1527 882 1590 ut
895 1524 1091 1613 adimpletio.
1136 1523 1281 1610 Ideoque
1296 1526 1364 1593 dic·

145 1629 216 1694 tum
233 1631 285 1696 est
299 1627 475 1706 Hebraeis:
498 1627 586 1694 Nisi
608 1627 880 1706 credideritis,
908 1649 984 1692 non
1010 1625 1279 1713 intelligetis:
1303 1629 1364 1695 hoc

143 1733 205 1806 est,
221 1729 284 1794 nisi
299 1730 328 1794 ei
343 1729 560 1820 credideritis,
580 1731 636 1816 qui
655 1753 713 1818 per
733 1731 857 1818 Legem
877 1727 1062 1818 praedictus
1088 1731 1195 1795 estet
1215 1752 1234 1794 a
1258 1729 1363 1822 Legis

18 1907 21 1921 ,
143 1831 273 1922 oraculo
288 1831 502 1918 significatus,
518 1855 582 1899 non
597 1831 787 1920 intelligetis
802 1835 898 1899 vetus
913 1829 1172 1910 Testamentum,
1188 1833 1277 1918 quod
1290 1834 1364 1922 ipse

142 1934 273 2022 propria
287 1935 437 2022 exposuit
451 1935 685 2023 praesentia1).

106 2111 109 2118 Δ
207 2053 398 2140 Intelligere
418 2059 527 2121 eutem
553 2057 587 2120 et
607 2055 793 2144 perspicax,
822 2051 873 2116 his
894 2053 947 2117 est
967 2052 1148 2138 gnosticos.
1191 2051 1259 2118 Est
1285 2075 1363 2140 ergo

143 2169 227 2243 opus
241 2156 309 2222 eius
325 2180 388 2223 non
403 2157 531 2242 quidem
547 2158 745 2224 abstinentie
760 2179 780 2220 a
795 2155 899 2232 malis,
916 2153 1008 2237 (haec
1024 2148 1109 2219 enim
1120 2153 1242 2240 gradus
1255 2159 1312 2221 est
1323 2157 1363 2221 ad

144 2275 303 2324 summum
319 2259 529 2347 proiectum);
552 2283 655 2347 neque
671 2261 789 2326 bonum
810 2261 944 2346 propter
958 2259 1080 2322 metum
1092 2255 1234 2336 iactum,
1255 2279 1363 2345 neque

11 2388 12 2398 ι
143 2361 277 2448 propter
293 2383 383 2448 spem
397 2363 549 2448 promissi
563 2363 708 2428 honoris:
740 2361 796 2426 sed
819 2359 887 2425 sola
901 2359 1113 2426 beneficentio
1127 2362 1263 2448 propter
1278 2361 1362 2426 cari-

143 2465 247 2526 tatem
268 2465 302 2527 et
322 2467 454 2551 propter
472 2465 580 2551 ipsum
606 2464 778 2530 honestum
798 2485 817 2528 a
837 2464 905 2528 viro
925 2455 1074 2550 gnostico
1095 2462 1279 2550 expedeuta
1300 2469 1360 2530 est

144 2563 309 2629 Utilitatis
325 2587 424 2631 cause
437 2565 518 2630 nihil
531 2567 616 2654 petit
626 2565 813 2653 gnosticus'3
832 2565 1114 2654 contemplationis
1130 2587 1229 2630 cause
1240 2565 1363 2632 sufficit

144 2665 174 2730 ei
194 2664 262 2730 sols
281 2667 433 2752 cognitio.
480 2667 667 2750 Quinetiam
692 2669 796 2758 dicere
823 2669 942 2746 ausim,
972 2689 1038 2732 non
1057 2652 1110 2746 eo,
1142 2669 1229 2757 quod
1249 2669 1360 2734 salvus

142 2766 222 2832 velit
236 2789 318 2846 esse,
341 2769 556 2856 cognitionem
572 2771 612 2836 ab
627 2793 665 2837 eo
679 2771 719 2836 iri
734 2771 881 2836 electum.
924 2767 1147 2855 intelligentie
1157 2773 1268 2836 eutem
1284 2793 1361 2838 con-

143 2869 236 2936 tinua
257 2872 489 2940 exercitatione
499 2873 539 2938 fit
553 2876 710 2962 perpetua
724 2873 950 2962 intelligentie.
988 2871 1124 2962 Semper
1137 2875 1247 2937 autem
1262 2871 1361 2938 intel-

143 2971 244 3058 ligere
274 2976 415 3059 gnostici
445 2977 588 3042 essentia
611 2979 678 3054 est3
712 2979 869 3066 perpetua
899 2973 1129 3062 contemplatio
1150 2977 1261 3040 manet
1287 2973 1360 3041 vivs

145 3074 342 3142 substantia.
387 3076 670 3160 Quamobcauscm
687 3080 714 3145 si
734 3081 806 3166 quis
827 3077 889 3146 κατ’
913 3079 1055 3144 ὑπόθεσιν
1076 3077 1225 3164 gnostico
1240 3101 1359 3166 propo-

51 3263 53 3272 Ι
144 3177 377 3254 suerit‚utrum
389 3179 440 3246 dei
452 3181 679 3268 coguitionem,
691 3203 732 3247 cn
745 3183 882 3248 salutem
893 3183 1056 3247 aeternam
1068 3179 1227 3256 maluerit,
1239 3219 1282 3229 —-
1295 3181 1361 3245 sint

144 3281 253 3344 autem
265 3303 313 3358 ea,
327 3305 409 3368 quae
421 3285 549 3350 omuino
562 3288 639 3350 sunt
651 3284 832 3362 coniuncta,
846 3285 1012 3372 separata:
1021 3279 1152 3345 -nihil
1159 3303 1292 3368 prorsus
1300 3281 1360 3349 du-

142 3381 252 3448 bitans
263 3384 398 3470 elegerit
409 3385 459 3451 dei
471 3380 698 3473 cognitionem,
715 3389 848 3474 propter
859 3405 893 3450 se
904 3383 1050 3450 iudicans
1062 3384 1276 3471 expetendam
1288 3407 1361 3450 esse

144 3483 243 3560 illem,
260 3475 342 3570 puae
354 3487 448 3552 fidem
459 3487 660 3556 transcendit
675 3489 811 3555 caritate
823 3485 864 3552 cd
874 3485 1100 3572 cognitionem,
1116 3485 1360 3574 proprietatem.

145 3584 213 3651 Nec
228 3609 303 3652 vero
318 3590 487 3674 gnosticus
499 3615 583 3658 nunc
594 3591 728 3658 honeste
740 3591 810 3676 egit
820 3591 954 3678 propter
964 3589 1146 3668 honestum,
1161 3587 1243 3654 alias
1254 3589 1359 3666 aliter,

147 3689 204 3754 sed
225 3689 360 3757 honeste
380 3691 517 3758 faciendi
542 3693 633 3758 habit
618 3696 656 3759 ιιι
677 3697 810 3758 ornetur
831 3696 893 3758 est.
936 3691 1057 3778 Erga
1071 3689 1204 3756 iustos
1233 3694 1273 3756 et
1301 3693 1359 3757 in-

144 3775 359 3859 iustost
292 3796 359 3859 ιιιει
361 3817 398 3860 us
411 3797 510 3861 estet
495 3795 636 3862 tbonus.
680 3793 854 3861 Huismodi
869 3797 978 3860 sutem
992 3793 1175 3860 hominibus
1190 3791 1271 3860 dicit
1289 3793 1359 3860 Do·

17 3949 25 3955 ,
144 3895 267 3960 minus:
283 3895 628 3985 Estoteperfecti,
653 3898 886 3986 srcutpater
906 3899 1040 3963 vester
1060 3895 1265 3985 perfectus
1290 3897 1358 3964 est.

146 3979 377 4067 Gnosticot
320 4001 377 4064 eut
378 4021 428 4065 em
443 4006 571 4071 mortue
586 4003 638 4066 est
649 4023 732 4078 cero,
747 4001 829 4068 vivit
839 4003 910 4088 ipse
931 3999 1032 4077 solus,
1040 4002 1080 4064 ut
1090 4021 1145 4085 qu1
1135 3997 1358 4087 sepulchrum

58 4185 63 4190 η
146 4100 327 4186 (corpus)
317 4125 351 4166 ιιι
367 4107 515 4170 sanctum
530 4103 686 4192 templum
698 4103 839 4170 Domrno
850 4101 1094 4172 consecrarent
1135 4101 1215 4179 ,Iam
1229 4103 1359 4168 nonest

148 4201 316 4272 continens
336 4207 482 4285 tentum,
510 4207 582 4285 scd,
608 4206 750 4272 divinam
776 4205 911 4274 formam
930 4203 1123 4282 induturus,
1150 4201 1192 4269 ad
1212 4203 1357 4270 habitum

147 4304 296 4393 pervenit
315 4314 370 4396 τῆς
392 4310 553 4383 ἀπαθείας.
600 4309 666 4394 Qui
680 4309 811 4377 habitus
827 4330 903 4374 mox
922 4307 961 4374 iit
981 4307 1084 4374 altera
1103 4311 1232 4374 notura.
1275 4307 1356 4374 Tum

146 4484 348 4494 W*

203 4615 229 4682 1ι
247 4632 272 4684 p.
284 4615 430 4672 ιιι-ιιι.
