2884 5058
674 319 876 422 a..

168 505 297 596 quidem
311 503 448 576 Photius
468 525 533 575 non
551 503 667 576 habuit
686 507 728 576 ad
746 527 893 586 manum,
919 505 955 572 id
968 504 1055 597 quod
1068 503 1243 574 Ncurrium
1255 504 1369 595 tugisrs
1416 555 1417 600 ἢ

93 623 96 630 “
167 608 304 676 videtur.
346 607 484 676 Photius
512 609 597 678 enim
617 609 697 680 nihil
721 610 815 690 dicit,
846 609 910 677 nisi
929 632 949 676 a
971 605 1140 676 Clemente
1160 609 1200 674 de
1221 609 1368 677 Paschatc
1416 647 1417 708 p

169 712 323 801 seriptum
338 733 411 780 esse
425 711 528 780 alios
543 714 670 780 testari.
715 713 933 794 Quamobrem
947 711 1056 778 nescio
1076 734 1118 776 an
1132 711 1195 777 iam
1212 713 1282 778 tum
1296 714 1368 778 tsn-

167 815 255 904 poris
269 815 387 882 librum
402 815 493 882 illurn
507 813 711 904 deperditum
725 815 826 882 tuisse
841 815 1007 882 affirmem.
1038 813 1126 898 Quid
1141 816 1251 880 autem
1263 837 1367 904 propo·

168 919 269 986 situm
283 919 352 986 eius
367 917 475 996 fuerit,
491 916 655 984 Eusebius
669 917 773 1008 ipsius
787 915 966 986 Clementis
980 915 1087 984 verbis
1103 918 1215 1008 aperte
1230 916 1367 984 declarat

74 1086 82 1112 ,
166 1021 229 1105 „In
243 1007 478 1108 libro‚'inquit,
498 1019 537 1088 de
552 1019 712 1088 Paschate
729 1043 763 1090 sc
783 1043 803 1086 a
822 1015 1034 1088 familiaribus
1056 1019 1123 1086 suis
1139 1021 1289 1086 coactum
1308 1041 1368 1086 ossa
1416 1027 1417 1098 l

166 1123 299 1199 latetur,
314 1123 353 1188 ut
366 1122 569 1204 traditiones,
586 1146 666 1214 quas
682 1147 702 1190 a
716 1119 916 1212 presbyteris
936 1119 1100 1190 veteribus
1122 1115 1295 1200 audiisset,
1320 1145 1367 1210 po·
1416 1117 1417 1212 ζ

168 1226 264 1296 eteris
279 1224 423 1292 traderet
443 1226 598 1316 scriptas3
622 1224 657 1290 in
676 1225 788 1292 eodem
807 1225 916 1290 autem
937 1227 1166 1292 commemorat
1179 1223 1364 1302 Melitonem
1416 1223 1417 1290 l

166 1327 351 1406 Irenaeum,
380 1328 525 1418 aliosque
554 1327 741 1407 nonnullos,
779 1347 914 1424 quorum
946 1327 1149 1392 narrationes
1178 1327 1364 1416 exponite).

165 1429 276 1498 Etiam
291 1430 386 1496 huius
405 1431 480 1498 libri
494 1453 656 1522 perpauca
670 1429 828 1520 quaedam
845 1432 974 1497 servata
995 1433 1073 1496 sunt
1092 1429 1127 1495 in
1143 1425 1296 1498 Chronioi
1314 1429 1365 1494 Pa·
1416 1467 1417 1478 τ

166 1531 284 1600 schalis
298 1533 472 1622 prooemio.
517 1623 521 1634 ι
1021 1536 1025 1547 ’

226 1634 287 1704 ΙΙΙ.
330 1635 505 1702 Praeterea
520 1633 683 1702 Eusebius
698 1634 734 1718 (l.
749 1635 787 1718 1.)
802 1634 1031 1701 commemorat
1048 1629 1230 1703 Clementis
1252 1631 1365 1712 „Dis-
1416 1643 1417 1670 ¹

112 1749 116 1758 “
165 1735 400 1824 putationes
436 1739 480 1806 de
506 1738 654 1805 ieiunio
687 1743 727 1804 et
760 1737 805 1804 de
836 1735 1166 1804 obtrectatione“
1211 1735 1365 1824 (Διαλέξεις

164 1839 235 1923 περὶ
248 1841 390 1923 νηστείας
406 1843 457 1907 καὶ
472 1844 540 1928 περὶ
555 1845 771 1922 καταλαλιᾶς);
793 1861 929 1926 quarum
940 1839 1161 1927 Hieronymus
1182 1837 1365 1904 mentionem

163 1937 243 2022 lecit
256 1940 307 2008 his
321 1943 445 2010 verbis:
466 1943 543 2022 „De
558 1943 677 2010 ieiunio
691 1942 951 2035 disceptatio
979 1941 1032 2008 De
1047 1941 1285 2010 obtrectatione
1298 1937 1365 2006 liber

162 2045 1365 2132 unus;“itaautemPhotius:usptupcrsr'cca'ulusplrasolo-star,quamquam

162 2143 215 2230 hic
228 2148 327 2214 etiam
346 2147 405 2215 hos
422 2149 521 2216 libras
542 2171 606 2214 uon
627 2146 718 2212 vidit.
762 2145 817 2212 Ad
838 2169 919 2236 quos
940 2145 1064 2213 aceedit
1081 2147 1170 2214 aliud
1185 2169 1279 2236 opus,
1294 2141 1365 2236 quod

162 2249 249 2338 apud
260 2249 438 2334 Eusebium
450 2249 498 2316 ita
512 2249 714 2318 inscribitur:
726 2247 766 2316 ‘0
783 2249 1063 2336 Προτρεπτικὸς
1078 2251 1171 2335 πρὸς
1188 2247 1363 2334 ὑπομονὴν

164 2355 218 2427 εἰς
247 2354 337 2427 τοὺς
363 2355 497 2420 νεωστὶ
528 2341 878 2441 βεβαπτισμένουςξ
908 2354 943 2418 et
958 2354 1125 2441 quartum,
1158 2347 1363 2418 cuiustitulus

163 2450 250 2543 apud
271 2455 407 2524 eundem
423 2452 587 2522 auctorem
610 2455 657 2520 sic
677 2452 844 2522 sehabet:
872 2452 1003 2520 Κόνων
1021 2451 1362 2540 ’Exclamas-rata

163 2561 183 2644 ᾒ
199 2557 290 2642 πρὸς
306 2557 392 2630 τοὺς
404 2555 695 2630 Ἰουδαΐζοντας.
738 2555 813 2622 Hoc
832 2556 941 2622 autem
956 2555 1177 2644 Hieronymus
1198 2555 1310 2624 laudat
1324 2550 1363 2616 his

164 2657 288 2726 verbis:
323 2658 400 2737 „De
422 2655 610 2726 Canonibus
625 2656 866 2724 Ecclesiasticis
887 2661 921 2725 et
940 2659 1111 2726 adversum
1139 2679 1213 2740 eos,
1249 2659 1302 2748 qui
1319 2653 1361 2720 Iu·

163 2759 316 2845 dacorum
333 2763 515 2848 sequuntur
529 2780 678 2839 errorem,
695 2759 777 2826 liber
788 2772 913 2840 unus;“
928 2749 1049 2828 eisdem
1064 2763 1186 2840 autem,
1203 2761 1260 2830 sed
1275 2757 1359 2826 Grac

161 2863 210 2956 pis
221 2861 327 2936 verbis
343 2864 492 2942 Photius,
508 2865 574 2954 qui,
591 2887 690 2954 quum
704 2862 787 2930 liber
806 2862 877 2951 ipse
897 2863 926 2930 ei
940 2886 1005 2930 non
1020 2869 1109 2932 esset
1122 2867 1275 2954 ‘praesto,
1296 2860 1360 2928 Hie·

160 2967 291 3056 rcnymi·
310 2965 409 3036 verba
428 2967 566 3036 vertisse
586 2969 716 3034 tantum
736 2965 875 3034 videtur.
919 2966 985 3034 Sed
1008 2967 1088 3034 baec
1113 2967 1239 3050 omnia,
1267 2959 1361 3055 paucis

51 3127 60 3138 .
164 3070 360 3160 fragmentis
376 3070 531 3164 exceptis,
546 3067 716 3158 deperdita
731 3071 818 3135 sunt.
861 3069 892 3134 N
894 3093 930 3136 ec
943 3093 1019 3136 vero
1033 3069 1199 3138 Eusebius
1213 3071 1248 3136 ct
1261 3065 1360 3134 Hiero·

161 3196 280 3262 pymus
296 3172 403 3242 omnia
419 3169 598 3239 Clementis
610 3191 708 3260 opera
725 3171 812 3238 edita
826 3174 913 3240 nacti
927 3175 1017 3251 sunt,
1033 3173 1269 3264 quodquidam,
1283 3185 1360 3258 prae·

161 3273 278 3346 sertim
303 3299 402 3366 quum
429 3272 579 3340 Clemens
604 3272 805 3339 validissima
830 3277 939 3340 aetate
966 3297 1006 3342 ex
1025 3275 1138 3342 Africa
1165 3274 1315 3363 migraret
1334 3265 1360 3330 in
1416 3347 1417 3364 χ

161 3379 289 3460 Asiam,
309 3378 356 3444 nil
370 3378 486 3444 mirum
501 3381 563 3444 est.
606 3373 710 3460 Fugit
724 3397 780 3441 eos
795 3397 823 3442 e.
839 3399 866 3442 c.
887 3377 1009 3444 Liber
1030 3379 1079 3445 de
1103 3369 1359 3444 Providentia,

162 3481 254 3548 cuius
274 3479 309 3548 S.
329 3479 495 3546 Maximus
517 3475 693 3544 Contessor
712 3477 776 3544 duo
802 3478 986 3567 fragmenta
1004 3481 1039 3548 in
1059 3479 1225 3570 opusculis
1245 3477 1308 3546 suis
1319 3472 1360 3538 in·

161 3583 316 3668 texuit2).
362 3581 427 3649 Sed
442 3603 483 3646 ne
502 3579 556 3646 hic
566 3579 694 3670 quidem
706 3579 790 3646 liber
804 3583 845 3647 ad
859 3605 919 3648 nos
934 3583 1090 3672 pervenit.

162 3757 166 3764 ,
224 3684 285 3752 IV.
307 3683 378 3750 Iam
392 3706 469 3751 varo
486 3679 636 3750 Clemens
651 3681 721 3770 ipsc
739 3684 775 3748 in
797 3682 926 3774 scriptis
949 3688 1016 3754 suis
1037 3683 1207 3754 nonnullas
1227 3676 1358 3770 disputa

162 3788 278 3866 tiones,
295 3809 376 3878 quas
391 3786 457 3852 iam
472 3784 649 3878 scripserit,
672 3785 827 3863 nominat,
849 3809 984 3876 quarum
1004 3788 1120 3886 titulcs
1142 3811 1216 3856 cum
1234 3785 1357 3853 locorum

161 3891 303 3960 numeris
318 3888 476 3956 indicabo.

164 4079 168 4086 ,
230 4012 263 4094 l>
285 4008 376 4096 Περὶ
392 4008 635 4093 ἐγκρατείας,
657 3973 936 4084 De'contincntia
951 4027 984 4094 p.
1001 4007 1075 4076 226.
1215 4070 1220 4084 ,

163 4149 185 4184 .;
227 4112 263 4196 2)
280 4109 321 4177 ‘0
336 4111 496 4198 γαμικὸς
512 4110 684 4196 λόγος3),
707 4107 809 4176 Liber
824 4107 863 4174 dc
877 4107 1012 4197 nuptiis,
1028 4133 1060 4198 p.
1076 4109 1150 4176 278.

137 4233 143 4238 “
162 4231 366 4248 b—-n———n

168 4269 174 4276 “
217 4281 441 4350 unarum.

166 4357 188 4389 '⁸
215 4365 828 4438 ¹)S.Maximi0pp.T.lI.p.144etp.152.
915 4354 918 4361 Δ

164 4456 178 4492 ’)
195 4455 199 4462 “
217 4451 242 4522 ⁸)
259 4456 302 4508 Ad
314 4457 382 4508 hunc
392 4457 484 4509 librum
497 4457 573 4507 ctiam
586 4457 676 4510 verbar
694 4449 872 4524 drrstrtmcpsv
883 4448 914 4508 δὲ
925 4449 1071 4524 βαθυτέρῳ
1089 4444 1160 4523 λόγῳ
1166 4484 1257 4504 ........
1268 4451 1353 4514 uum·

161 4538 245 4608 ycctc
256 4534 379 4596 τάττεται
390 4542 424 4614 (p.
439 4541 526 4609 197,);
544 4543 634 4608 quibus
650 4543 773 4596 Nourrlus
791 4541 826 4612 (p.
842 4542 928 4608 1337.)
941 4537 1067 4606 propriam
1080 4539 1171 4591 alibro
1183 4528 1216 4592 'de
1231 4532 1313 4603 nuptiis
1322 4525 1351 4578 dl·

163 4641 262 4705 versam
273 4630 433 4697 scriptionem
444 4629 581 4695 significari
592 4629 662 4680 haud
673 4633 742 4712 recte
753 4630 881 4694 opinatur,
889 4627 1015 4692 pertinere
1025 4627 1151 4688 videmur.
1256 4650 1259 4658 ·

1336 4995 1417 5018 ‘⁴‘—
