2820 5052
601 358 688 430 195·

52 547 226 637 disciplinam
246 549 281 613 et
299 547 572 614 exercitationem.
615 551 733 636 Itaque
760 547 816 616 alii
835 545 981 637 perlecti,
1008 543 1064 612 alii
1083 545 1239 613 nonnulla

53 655 184 739 exparte
207 650 327 716 virtute
353 650 509 738 praediti,
543 650 607 730 alii,
635 653 782 739 quamvis
817 649 933 716 summi
957 647 1090 736 ingenii,
1116 649 1238 716 vitiosi.

52 751 136 819 Multo
150 755 255 819 autem
269 752 373 840 magis
389 751 543 838 cognitio,
559 771 641 838 quae
655 753 879 841 magnitudine
893 756 928 818 et
942 752 1079 819 veritate
1091 753 1239 841 praestat

53 853 173 920 omuibus
198 855 394 944 disciplinis,
419 853 606 920 difficillima
632 859 685 920 est
709 854 888 940 acquisitu,
921 856 956 920 et
978 853 1083 920 multo
1107 855 1239 920 tandem

53 953 135 1021 labore
149 957 302 1023 nascitur.
326 955 401 1038 Qua
415 957 471 1046 qui
486 955 653 1046 praeditus
669 958 731 1034 est,
748 954 939 1034 Gnosticus,
955 954 1075 1034 iustus,
1092 959 1237 1032 sauctus,

57 1077 125 1144 quum
140 1057 185 1124 ab
199 1058 548 1124 immortalitatem
563 1061 661 1150 atque
677 1059 722 1124 ad
736 1057 950 1145 imaginem
971 1057 1034 1124 dei
1054 1058 1240 1148 proprie·

56 1159 128 1224 tatis
141 1159 246 1226 factus
263 1160 317 1240 ait,
332 1160 440 1226 tendit
454 1160 496 1226 ad
511 1159 672 1250 perfectae
687 1161 806 1225 aetatis
822 1182 1021 1238 mensuram3
1051 1183 1152 1250 purus
1168 1159 1241 1249 qui-

52 1259 103 1325 dem
115 1263 147 1327 et
159 1263 287 1330 actione
301 1267 336 1329 et
350 1263 560 1350 cogitatione,
582 1283 675 1328 omne
696 1264 805 1328 autem
826 1262 1042 1328 condemnans
1062 1265 1240 1350 peccatum.

52 1357 154 1428 Pcccuti
182 1367 292 1429 autem
318 1365 438 1454 duplex
463 1367 517 1431 est
546 1363 763 1454 poenitentia:
792 1387 858 1430 una
887 1361 1018 1454 ¹quidem
1049 1363 1241 1440 communis,

51 1468 193 1552 propterea
205 1466 291 1556 quod
299 1466 479 1554 peccaverit
494 1466 583 1556 quis3
600 1467 702 1533 altera
714 1489 800 1545 vero,
813 1490 911 1557 quum
924 1465 1073 1531 didicerit
1086 1465 1242 1554 peccandi

50 1569 183 1647 naturam,
197 1589 264 1633 nou
279 1567 417 1657 amplius
432 1587 564 1658 peccare
580 1569 641 1635 sibi
656 1569 816 1658 proponit.
844 1568 893 1634 Ne
907 1589 983 1636 vero
998 1571 1168 1656 peecatum
1183 1589 1241 1632 ex·

50 1670 186 1736 casaveris
207 1691 268 1758 per
284 1671 475 1736 daemonum
493 1669 730 1748 obsessionem3
753 1671 801 1737 ita
820 1671 905 1738 enim
924 1671 1020 1737 homo
1049 1667 1131 1734 nulli
1152 1671 1242 1734 esset

50 1769 138 1858 culpae
152 1769 270 1838 affinis.
315 1770 381 1848 Sed
397 1794 495 1858 quum
509 1771 604 1839 homo
618 1774 781 1862 peccando
797 1773 908 1840 eadem
923 1773 1034 1859 eligat,
1051 1774 1150 1858 atque
1166 1771 1243 1836 dae-

50 1891 146 1950 mones,
161 1893 325 1959 quumque
340 1873 385 1938 sit
398 1873 571 1952 instabilis,
587 1875 679 1955 levis,
694 1877 804 1943 varius
819 1877 853 1941 in
863 1872 1103 1964 'cupiditatibus
1116 1875 1155 1939 ut
1166 1873 1243 1938 dae-

50 1993 113 2050 non,
125 1974 163 2040 fit
176 1975 413 2063 quodammodo
428 1976 665 2044 daemoniacus.
710 1979 820 2062 Quum
836 1982 945 2043 autem
960 1977 1085 2062 malitia
1099 1973 1240 2042 hominis

50 2071 223 2144 lactcluerit
238 2079 331 2164 quasi
347 2081 449 2144 altera
463 2085 591 2158 natura,
617 2079 722 2158 homo,
745 2081 786 2144 ad
807 2083 974 2168 peecatum
996 2101 1190 2166 propensus,
1211 2078 1246 2142 in

49 2175 205 2245 actionibus
222 2201 349 2267 quoque
364 2185 493 2268 peccat3
517 2184 693 2267 contraque
712 2181 762 2246 vir
781 2179 886 2248 bonus
902 2183 992 2247 recte
1008 2180 1097 2250 iacit.
1130 2179 1243 2266 Neque

49 2276 282 2362 ig'turvirtutes
303 2283 418 2365 solum,
445 2284 677 2349 verumetiam
701 2283 848 2348 actiones
874 2307 1026 2350 vocamus
1053 2283 1148 2348 bona.
1192 2280 1246 2344 Ex

49 2375 120 2449 bonis
140 2389 250 2450 autem
270 2384 335 2450 alia
354 2385 503 2472 eligimus
530 2389 665 2474 propter
689 2385 875 2474 semetipsa,
902 2385 992 2450 velut
1017 2384 1245 2471 cognitionem,

48 2479 95 2547 alis
107 2483 240 2552 aliorum
256 2507 365 2563 causa,
380 2493 419 2552 ut
433 2487 528 2552 fidem
543 2491 677 2576 propter
699 2489 849 2576 supplicii
871 2486 1119 2554 declinationem
1138 2509 1246 2552 remu-

13 2651 14 2664 *
48 2587 266 2674 necationisque
277 2587 465 2654 utilitatem.
489 2590 602 2656 Timor
616 2591 701 2656 enim
716 2591 829 2657 multis
845 2593 898 2656 est
912 2612 1021 2668 causa,
1037 2613 1078 2656 ne
1092 2591 1244 2678 pecceut3

48 2689 196 2769 promissio
211 2689 431 2758 obedientiam
447 2691 562 2758 salutis
578 2693 675 2780 parit.
719 2693 996 2760 Perfectissimum
1011 2693 1114 2780 igitur
1126 2692 1247 2757 bonum

47 2792 168 2875 cognitio
181 2795 247 2869 est,
263 2791 354 2858 cuius
369 2793 475 2880 prima
489 2794 614 2859 utilitas
624 2799 681 2860 'est
701 2795 771 2884 ipse
786 2795 980 2882 cognitionis
995 2794 1138 2871 habitus,
1153 2791 1248 2856 laeti-

48 2888 107 2958 tiam
121 2895 281 2983 praebens
296 2897 330 2959 et
345 2917 431 2961 nuuc
443 2899 478 2959 et·
491 2895 527 2959 in
549 2885 727 2982 posterum,
749 2897 947 2962 hilaritatem
970 2895 1131 2980 animique
1151 2894 1248 2958 diffu-

49 2991 160 3065 sionem.
204 2997 314 3064 Facta
328 3001 438 3062 autem
454 2995 562 3083 'gignit
577 2995 661 3063 bona
676 3003 711 3064 et
724 2999 877 3075 honesta3
900 3017 996 3064 verae
1015 2997 1100 3062 enim
1116 2995 1249 3060 divitiae

48 3099 107 3163 suut
120 3098 322 3166 abundantia
336 3100 499 3166 actionum
514 3123 554 3166 ex
569 3101 706 3177 virtute;
729 3123 805 3166 vera
821 3104 997 3188 paupertas
1010 3098 1256 3164 mundanarum=

47 3199 245 3286 cupiditatum
259 3201 377 3290 iuopia.
422 3200 601 3268 Gnostious
617 3203 813 3291 cupiditates
834 3201 1072 3270 circumscribit
1094 3203 1128 3266 et
1143 3199 1249 3285 quoad

47 3305 268 3382 possessionem
284 3309 319 3370 et
339 3306 445 3390 quoad
464 3327 570 3382 usum,
591 3327 652 3371 nec
670 3306 816 3371 transilit
836 3305 1043 3372 necessitatis
1063 3304 1250 3370 terminum.

47 3397 104 3470 Non
116 3407 223 3495 ipsum
243 3406 362 3484 vivere,
385 3407 442 3474 sed
467 3407 565 3473 bene
591 3407 699 3473 vivere
714 3407 804 3494 »facit
830 3407 970 3496 plurimi,
998 3408 1041 3473 ad
1066 3406 1249 3493 augendam

48 3505 196 3575 scientiam
212 3511 453 3598 parandamque
468 3509 700 3596 coguitionem3
723 3533 783 3576 neo
804 3511 897 3586 filios,
919 3534 979 3576 uec
994 3507 1246 3583 matrimonium,

48 3615 258 3698 cooperantes
273 3611 457 3699 praeferens
473 3611 604 3677 caritati
625 3609 659 3676 iu
680 3613 775 3678 deum
796 3615 946 3700 vitaeque
966 3611 1121 3677 iustitiae.
1158 3607 1251 3673 Uxor

48 3712 139 3777 cunm
151 3716 230 3802 post
240 3713 414 3780 liberorum
431 3714 669 3802 susceptionem
685 3715 729 3780 ait
745 3737 844 3793 soror,
860 3720 899 3780 ut
912 3714 975 3779 erit
988 3718 1075 3779 certe
1088 3715 1166 3800 post
1180 3733 1251 3776 oar-

47 3828 107 3879 ncm
125 3813 319 3904 depositam.
362 3817 459 3905 Ipsae
479 3817 563 3882 enim
589 3837 648 3905 per
674 3839 829 3904 separes
857 3819 935 3884 sunt
961 3815 1102 3893 animae3
1125 3813 1252 3878 animae

48 3918 169 3984 neutrae
189 3938 250 3985 nec
269 3919 434 3987 masculae
456 3939 517 3986 nec
537 3919 693 3998 feminae,
720 3939 819 4005 quare
844 3941 948 4006 neque
974 3939 1091 3985 uxores
1117 3915 1251 3991 ducunt,

48 4021 288 4105 nequeuubunt.

101 4122 163 4190 Sed
178 4125 236 4203 eis,
251 4144 333 4210 quos
344 4125 653 4211 quumpeccatorum
665 4122 871 4212 poenituerit,
883 4124 1057 4188 neotamen
1067 4118 1171 4186 eidem
1182 4139 1252 4184 cre·

28 4221 32 4239 '
48 4216 291 4305 dideruntiirmc,
299 4225 488 4316 precibus
500 4225 842 4313 deuslargiturpetita.
858 4223 1253 4311 Quiautemsinepeccato

48 4323 151 4396 urunt
164 4329 321 4418 gnostico,
335 4329 387 4394 his
402 4319 550 4396 concedit
568 4329 633 4394 iam
649 4329 678 4394 si
698 4328 749 4394 vel
763 4327 938 4414 cogitariut
957 4329 1097 4392 tantum.
1140 4325 1252 4401 Pete,

50 4425 91 4493 at
109 4427 290 4522 scriptura,
320 4433 359 4498 et
382 4431 541 4510 iaciam3
570 4433 674 4503 animo
696 4431 813 4520 cogita,
840 4435 882 4496 et
901 4427 995 4495 dabo.
1039 4429 1147 4494 Deum
1168 4428 1253 4492 enim

50 4535 224 4623 acecpimus
239 4555 311 4602 esse
331 4534 580 4623 cognitorem
603 4532 795 4610 cordium,
817 4553 883 4598 non
898 4531 953 4618 qui
968 4553 1008 4597 ex
1023 4531 1147 4596 animae
1162 4531 1255 4595 motu

51 4633 354 4721 odida-nouimus
367 4629 524 4717 hominen
550 4655 710 4725 nequeas
723 4637 860 4716 wenta,
885 4653 990 4724 neque
1001 4631 1254 4791 ¹uttarchitcctus

1016 4739 1033 4794 8
