2884 5058
607 401 610 409 ¹
629 379 691 450 261

23 621 25 652 ,
71 569 117 638 sed
128 569 308 640 discendum
325 569 383 650 eis,
399 567 557 658 quomodo
569 569 691 638 divitiis
704 568 746 636 ad
758 566 859 636 vitam
871 565 1120 656 comparandam
1130 512 1274 632 utamur*

70 676 212 762 oporteat.
255 673 338 740 Nam
364 671 515 760 quoniam
540 695 643 763 neque
665 671 794 738 omnino
812 670 898 759 perit
918 669 1008 736 dives
1027 669 1160 750 timore,
1191 667 1267 756 quia

69 776 144 844 dives
159 778 211 856 sit,
226 799 330 868 neque
344 775 472 842 omniuo
486 773 526 842 fit·
541 775 649 840 salvus
666 775 738 864 quis
754 771 889 850 fiducia,
913 795 978 860 qua
997 794 1032 840 se
1053 773 1179 842 salvum
1197 773 1267 842 fore

69 879 199 948 confidit:
227 903 366 970 quanam
387 901 422 946 re
444 875 659 966 spesnitatur
679 898 719 944 ex
740 875 924 970 Servatoris
945 874 1093 942 doctrina
1118 875 1266 943 conside-

67 1003 168 1050 remus.
210 981 281 1052 Niti
305 1005 384 1070 ergo
412 1003 482 1048 eam
509 980 604 1047 docet
628 979 791 1048 mandatis
817 977 1041 1068 exsequendis.
1084 977 1266 1046 Maximum

67 1086 159 1148 autem
187 1085 376 1154 mandatum
400 1083 462 1150 hoc
487 1105 559 1150 esse
586 1081 680 1148 dicit:
724 1080 889 1168 Diliges
916 1075 1126 1148 Dominum
1155 1081 1266 1150 deum

67 1206 102 1252 ex
116 1190 199 1254 tota
220 1189 374 1254 virtute
401 1188 479 1252 tua.
521 1185 568 1252 Et
581 1183 727 1274 profecto
740 1183 801 1252 hoo
815 1181 991 1250 maximum
1011 1184 1079 1262 est,
1110 1205 1209 1272 quum
1224 1183 1265 1250 de
1351 1227 1353 1232 -

65 1287 124 1376 ipso
137 1291 274 1360 maximo
289 1291 377 1378 agat,
394 1288 433 1354 de
449 1289 508 1356 deo
522 1291 615 1378 patre
630 1289 754 1366 nostre,
773 1308 832 1376 per
847 1307 941 1382 qqem
961 1283 1048 1350 iacta
1069 1287 1147 1351 sunt
1166 1288 1265 1376 atque

66 1391 214 1460 exsistunt
228 1392 346 1470 omnia,
361 1395 395 1458 et
409 1391 451 1457 ad
466 1414 560 1482 quem
575 1393 794 1467 revertuntur,
816 1409 898 1483 quae
912 1387 997 1452 fiunt
1018 1385 1117 1453 salva.
1161 1386 1263 1454 Nobis

65 1490 150 1576 igitur
164 1493 203 1560 ab
223 1495 297 1584 ipso
317 1493 443 1562 dilectis
464 1497 560 1561 antea
580 1496 615 1560 et
633 1489 772 1562 conditis
793 1489 882 1558 aliud
901 1489 1076 1580 quidquam
1096 1489 1263 1581 antiquius

65 1591 162 1661 ducere
182 1600 281 1688 atque
300 1583 536 1686 praestantius}
566 1619 662 1686 quam
682 1597 724 1662 ut
740 1596 902 1661 amantem
922 1593 1124 1660 redamemus
1131 1639 1151 1670 ,.
1164 1615 1264 1682 quum

63 1694 126 1760 nihil
137 1698 223 1764 aliud
235 1698 400 1790 quidpiam
411 1698 518 1786 possit
533 1696 720 1786 excogitari,
736 1697 822 1786 quod
833 1689 893 1764 de'o
908 1695 1028 1762 nullius
1041 1693 1089 1762 rei
1103 1691 1263 1780 indigenti

65 1799 145 1886 atque
159 1801 302 1888 perfecto
319 1801 446 1868 anobis
466 1802 631 1881 reddatur,
646 1800 737 1870 nefas
753 1803 815 1866 est.
860 1798 1048 1885 Quinetiam
1067 1797 1263 1888 redamando

23 1911 26 1970 Ξ
64 1896 301 1972 immortalitatis
316 1926 434 1970 munus
449 1905 684 1996 consequimur,

114 2001 176 2070 Sed
186 2006 324 2073 alterum
344 2007 534 2084 mandatum
553 2007 641 2072 haud
659 2007 766 2074 minus
785 2005 821 2070 id
837 2005 986 2104 ¹quidem,
1007 2004 1073 2070 est:
1101 1999 1262 2090 Diliges

63 2107 264 2186 proximum
287 2111 398 2176 tuum
422 2109 529 2176 sicut
551 2110 732 2198 teipsum.
776 2108 866 2195 Ergo
886 2108 981 2172 deum
997 2128 1095 2194 supra
1109 2105 1262 2194 teipsum.

64 2201 131 2285 Quis
146 2213 254 2278 autem
270 2212 315 2280 sit
328 2213 496 2300 proximus
510 2211 664 2300 parabola
677 2213 717 2278 de
732 2210 937 2280 Samaritano
952 2209 1102 2297 explicat.
1131 2206 1165 2274 Is
1178 2208 1262 2276 enim

62 2307 139 2376 nobis
158 2315 340 2399 proximus,
374 2314 429 2404 qui
448 2313 565 2380 tribuit
584 2311 677 2380 nobis
702 2313 964 2382 misericordiam.
1010 2308 1141 2378 Caritas
1161 2311 1264 2398 igitur
1285 2381 1289 2389 ,

63 2410 188 2502 utroque
198 2417 353 2484 mandato
367 2415 508 2497 iubetur,
526 2417 582 2484 sed
597 2417 803 2506 primae'eius
819 2419 929 2505 partes
945 2416 1005 2482 deo
1020 2413 1261 2494 adscribuntur,

61 2515 189 2593 proximo
204 2541 281 2586 vero
297 2518 466 2586 secundae.
510 2519 612 2588 Nobis
628 2523 737 2588 autem
752 2519 905 2599 omnium,
915 2520 960 2586 ut
974 2519 1021 2586 ita
1032 2516 1137 2584 dicam
1151 2506 1265 2606 proxi-⁴

61 2629 167 2686 morum
178 2621 348 2710 proximus
363 2626 415 2687 est
428 2623 499 2710 ipse
515 2623 679 2702 Servator,
695 2608 750 2714 qui
763 2646 920 2690 summam
931 2621 1023 2690 nobie
1036 2621 1153 2688 tribuit
1164 2621 1261 2689 mise·

60 2712 223 2809 nicomiam,
241 2723 397 2793 radicitus
412 2725 565 2790 vitiorum
580 2726 800 2813 aegritudines
816 2725 990 2792 evellendo.
1016 2724 1092 2812 Ipse
1104 2723 1188 2790 enim
1199 2725 1261 2802 est,

61 2819 104 2903 qui
121 2825 229 2894 vinum
256 2827 464 2913 (sanguinem
484 2827 563 2892 vitis
581 2827 772 2912 Davidioae)
799 2827 967 2894 animabus
990 2827 1111 2894 infudit
1131 2827 1262 2905 sauciis,

61 2921 103 3004 qui
116 2947 154 2994 ex
167 2929 346 3000 visceribus
363 2929 505 3019 Spiritus
521 2930 625 2996 oleum
640 2930 797 2996 adhibuit.
841 2929 907 2996 Hic
921 2933 989 3009 est,
1010 2929 1066 3020 qui
1081 2929 1261 3008 caritatem,

60 3016 138 3092 fidem
153 3053 319 3124 spemque,
335 3035 492 3122 tanquam
507 3033 658 3100 sanitatis
678 3033 857 3120 salutisque
872 3030 1015 3110 vincula,
1038 3054 1120 3122 quae
1139 3052 1260 3122 neque-

60 3127 105 3190 ant
119 3130 262 3214 dissolvi,
277 3135 453 3224 copulavit.
496 3135 562 3202 Hic
575 3138 638 3213 est,
660 3135 715 3226 qui
729 3133 861 3221 angelos
877 3134 911 3198 et
932 3131 1132 3222 principatus
1153 3136 1188 3200 et
1201 3155 1261 3223 po-

60 3223 193 3336 testates,
208 3241 248 3304 ut
262 3237 356 3304 nobis
371 3236 568 3316 ministrent,
585 3235 646 3304 sub
661 3261 779 3324 magna
798 3233 944 3302 mercede
961 3234 1099 3302 subiecit
1104 3262 1113 3320 3
1136 3258 1212 3304 nam
1227 3237 1261 3304 et

59 3331 109 3412 ipsi
127 3335 352 3408 liberabuntur
371 3365 391 3406 a
411 3337 523 3406 mundi
543 3340 689 3408 vanitate
713 3341 748 3408 in
767 3339 962 3408 revelatione
982 3339 1104 3427 gloriae
1121 3337 1261 3406 filiorum

60 3425 109 3498 lei·
152 3441 360 3533 Quapropter
383 3440 470 3508 hunc
494 3463 596 3532 aeque
618 3442 751 3530 diligere
773 3443 902 3531 oportet
927 3465 965 3508 ac
989 3444 1095 3510 deum.
1139 3443 1262 3531 Diligit

60 3537 154 3606 autem
169 3541 349 3624 Christum,
366 3545 422 3634 qui
437 3547 546 3611 servat
559 3545 662 3634 ipsius
677 3547 837 3614 mandata.
883 3545 992 3613 Sedis
1010 3567 1137 3637 quoque
1152 3545 1262 3632 diligit

60 3648 130 3718 lum,
146 3647 201 3734 qui
215 3647 326 3713 fideles
342 3645 411 3712 eius
426 3645 539 3714 honori
552 3647 652 3714 habet
666 3651 701 3714 et
714 3648 792 3714 colit
797 3673 806 3726 3
824 3649 909 3738 quod
924 3651 1008 3716 enim
1023 3652 1057 3716 in
1066 3647 1280 3736 discipulum„

60 3736 121 3819 quis
134 3747 253 3832 egerit,
279 3748 341 3816 hoc
362 3747 397 3814 in
419 3771 454 3814 se
472 3747 634 3816 Dominus
653 3751 776 3818 factum
796 3750 924 3840 accipit.
967 3751 1007 3816 ld
1032 3750 1118 3840 quod
1145 3747 1259 3814 multis

59 3839 277 3950 scripturarum
291 3849 370 3917 locis
386 3849 551 3939 probatur.
594 3853 642 3919 Et
655 3853 703 3919 ita
718 3851 846 3943 quidem
861 3875 1010 3943 prorsus,
1038 3853 1115 3942 quid
1130 3851 1261 3918 valeant

59 3931 188 4053 divitiae,
203 3952 408 4041 intelligitur.
450 3953 537 4020 Nam·
549 3955 612 4024 huc
627 3955 820 4024 etiam'illud
833 3955 990 4047 pertinet:
1012 3955 1163 4024 'Facite
1190 3976 1257 4022 vo.

58 4029 108 4152 bJS
123 4054 266 4122 amicos
289 4055 334 4121 de
354 4077 570 4126 mammona
591 4058 844 4149 iniquitatis,
868 4059 1040 4146 utquam
1062 4057 1259 4124 deieceri-

58 4135 118 4258 m)
139 4157 344 4247 ⁴recipiant
371 4177 441 4226 vos
467 4159 506 4226 ib
534 4163 699 4229 aeterna
724 4159 994 4232 tabernacula.
1044 4162 1096 4228 Ac
1120 4161 1259 4251 primum

58 4247 174 4350 quidem
189 4259 262 4327 hino
277 4283 446 4348 agnoscas,
461 4283 526 4328 non
541 4285 613 4330 esse
626 4263 826 4343 mandatum,
841 4269 880 4328 ut
891 4285 910 4328 a
921 4265 955 4329 te
969 4264 1056 4350 exigi
1068 4266 1192 4354 patiare
1206 4264 1259 4332 vel
1341 4298 1346 4320 κ

58 4357 332 4435 ιῘΠΙ)οΓῖῑ,1ηοε·εεεθ
347 4387 482 4452 egenos3
508 4366 565 4432 sed
584 4371 623 4432 ut
637 4373 675 4432 tu
689 4367 760 4454 ipse
774 4388 921 4456 quaeras,
942 4366 998 4434 ubi
1021 4366 1102 4447 sint,
1126 4369 1161 4436 in
1177 4389 1257 4458 quoe

58 4434 234 4532 benelicium
250 4465 294 4532 eis
307 4467 493 4534 collaturus.
522 4467 605 4534 Nam
626 4467 789 4536 hilarem
804 4469 1137 4558 datoremssdiligit
1151 4469 1257 4550 deus.

58 4537 174 4627 beina,
188 4587 262 4634 vero
281 4570 408 4636 tantam
425 4571 722 4639 communicationis
743 4571 846 4640 statui
865 4571 1058 4654 mercedem,
1090 4575 1256 4639 aeternum

58 4639 296 4740 tabernaculum.
345 4669 377 4739 O
406 4672 571 4764 pulchram
596 4674 863 4762 negotiationem!
903 4676 996 4746 Emit
1022 4675 1095 4768 quis
1120 4675 1256 4776 pecunia
