2830 5052
578 293 733 408 ,sss

77 525 362 612 quagenmationem
377 529 587 599 utmalorum
602 550 735 600 oausam
747 529 948 620 vituperant,
961 529 1098 602 laudant
1111 531 1260 612 mortem,
1300 505 1306 528 '
1396 585 1397 590 η

75 627 185 712 idquod
202 629 299 698 eliam
320 632 359 698 de
381 629 536 704 Cleobids
554 638 590 704 et
606 635 727 703 Bitone
752 634 865 704 tabula
881 633 985 703 docet.
1029 632 1125 700 Pluto
1149 637 1260 707 eutem

74 728 224 819 Orpheum,
237 733 273 805 in
286 755 419 824 corpore
432 737 572 805 animem
587 739 705 830 puniri,
720 735 936 804 affirmantem
949 736 1039 814 lacit,
1055 735 1090 806 iu
1105 758 1168 825 quo
1183 738 1257 804 tun·

73 855 146 919 quam
166 835 199 916 in
217 841 425 910 monumento
447 842 579 930 sepulta
599 842 653 909 ait.
698 837 1010 926 Similja‚Pbilolaus
1028 837 1257 926 Pytbogoreus

74 935 162 1016 tradite
183 936 344 1008 Pindarus
356 941 435 1010 item
455 947 490 1010 st
505 943 617 1021 Plato,
648 942 704 1030 qui
723 941 875 1024 homiues¹
889 939 942 1007 hie
960 940 995 1006 in
1012 941 1164 1016 custodia,
1185 963 1258 1014 esse

76 1036 167 1116 dieunt,
195 1039 229 1108 in
243 1063 380 1112 carcere.
423 1045 582 1112 Attamen
596 1045 649 1112 hio
664 1067 739 1113 cum
751 1043 811 1113 deo
824 1043 962 1110 nonvult
975 1065 1137 1131 pugnare,
1158 1067 1179 1110 s
1193 1067 1258 1130 quo

73 1141 181 1208 nmdus
195 1143 403 1218 nibilominus
416 1150 506 1216 reete
518 1147 775 1224 administretur,
797 1145 1004 1230 quemobrem
1018 1145 1150 1214 minime
1170 1147 1256 1235 seip-

71 1263 122 1310 sum
135 1243 254 1314 solvere
271 1247 377 1316 liceat.
420 1249 551 1318 Nullam
564 1251 668 1337 igitur
682 1247 842 1317 Marcioni
856 1250 925 1317 tem
939 1267 1078 1336 praseae
1092 1247 1258 1339 doctrinae

67 1347 238 1416 occasionem
252 1350 361 1431 dedit,
382 1355 422 1420 ut
441 1353 551 1444 quide
566 1352 686 1420 mundo
706 1351 805 1416 etiam
823 1349 903 1416 baec
915 1349 1091 1436 =demerita
1105 1351 1190 1428 „Ab
1206 1374 1256 1432 eo,
1355 1347 1358 1358 '

66 1447 106 1532 qui
116 1449 215 1537 ipsum
229 1454 424 1533 consensit,
440 1453 587 1554 possidet
599 1455 706 1522 omnia
720 1451 839 1520 bons.“
873 1451 964 1518 Mala
978 1455 1087 1554 eutem
1101 1454 1257 1523 materiae

66 1550 195 1640 principio
210 1555 282 1624 sinc
295 1557 362 1624 ullo
382 1557 492 1626 ordine
512 1561 547 1626 et
566 1556 685 1634 forme,
713 1555 840 1624 tribuit.
869 1553 1072 1622 Heraclitus
1087 1559 1256 1645 praeterea

66 1658 280 1736 generationem
305 1655 449 1749 appellat
472 1663 620 1728 mortem.
673 1657 831 1726 Similiter
849 1657 1054 1745 Pythagoras
1072 1661 1171 1744 atque
1191 1659 1254 1726 So·
1291 1711 1299 1742 ,

65 1757 154 1822 uates.
194 1759 265 1830 sen
280 1760 322 1831 de
335 1763 387 1831 bis
405 1763 571 1832 haetenus.
614 1759 850 1836 continuemus
864 1763 974 1830 autem
994 1760 1035 1829 de
1053 1761 1254 1849 continentia

67 1867 264 1950 sermonem¹).
423 1933 426 1940 ,
678 1875 681 1883 ’
980 1914 985 1925 .
1245 1922 1253 1940 ,.

107 1958 222 2032 Poetae
235 1967 341 2056 igitur
355 1965 565 2045 Graecorum,
580 1967 694 2034 natum
708 1987 784 2033 non
798 1986 881 2044 ease,
890 1965 1049 2055 optimum
1063 1965 1187 2044 dieunt,
1201 1965 1254 2034 rel

69 2061 149 2131 ubm
163 2059 329 2160 extemplo
343 2073 434 2140 mori.
480 2067 696 2153 Quamobrem
719 2093 740 2136 a
758 2068 933 2136 liberorum
953 2068 1175 2156 procreatione
1193 2069 1252 2138 ab·

65 2161 221 2236 ll'sendum
235 2193 322 2252 csse,
339 2177 426 2254 sunt,
442 2173 498 2260 qui
512 2172 695 2262 opinentur.
732 2171 772 2238 In
786 2172 838 2250 his
852 2174 962 2238 autern
975 2169 1251 2268 Pythagoreinu·

61 2269 177 2336 merendi
191 2273 272 2340 mibi
284 2275 413 2361 quidem
430 2299 496 2342 non
510 2274 676 2354 videntur,
705 2277 744 2340 ut
764 2275 819 2360 qui
839 2295 955 2342 uxores
977 2275 1065 2340 certe
1082 2273 1250 2365 ducerent,

58 2361 143 2438 liberis
161 2392 241 2443 sero
261 2378 440 2468 susceptis,
468 2399 503 2446 se
523 2377 734 2445 continerent.
779 2376 988 2468 Quapropter
1006 2374 1107 2454 tubis,
1132 2395 1232 2449 uxore

58 2469 161 2541 steriles
175 2479 354 2564 effecturis,
370 2503 435 2548 non
449 2480 674 2548 vescebantur.
711 2532 714 2542 .
886 2546 892 2555 ,
1115 2533 1118 2544 .
1229 2510 1233 2520 ’

102 2575 162 2644 Sed
177 2579 328 2648 Marcion
343 2583 561 2650 continentiae
576 2605 706 2650 oausam
721 2581 820 2650 babet
839 2583 946 2672 ipsum
959 2581 1072 2650 mundi
1092 2583 1249 2674 opificem,

55 2691 169 2756 quocum
183 2703 204 2750 a
217 2685 357 2752 materia
371 2686 539 2754 abstinens
553 2689 710 2782 tanquam
730 2685 825 2772 giges
844 2687 982 2774 pugnat.
1023 2683 1133 2752 Huius
1148 2687 1250 2774 igitur

51 2776 76 2838 li
94 2775 314 2874 carpocratis,
351 2788 520 2856 mulierum
545 2789 800 2870 communionem
828 2786 1022 2865 statuentis,
1043 2789 1248 2858 mentionem

52 2872 175 2956 lecimus.
204 2887 743 2967 JamveroNioolaidictumillnd,
760 2889 1050 2967 „cernenosebuti
1064 2893 1248 2979 oportere,“
1306 2973 1309 2980 ἱ

51 2982 239 3078 explioemus.
282 2989 330 3058 Et
355 2997 408 3058 est
426 2993 556 3078 quidem
584 2993 633 3076 (id
655 2991 742 3078 quod
763 2991 994 3080 comprobetur
1011 3015 1110 3081 quum
1131 3014 1247 3082 oppor-
1391 3005 1392 3019 ¹

51 3079 182 3170 iubilate,
198 3113 265 3183 qua
277 3092 359 3160 illud
372 3093 466 3172 dixit,
481 3097 553 3162 turn
567 3093 670 3184 ipsius
691 3093 927 3182 liberorumque
946 3093 1027 3177 vite)
1048 3093 1134 3160 nihil
1147 3095 1247 3173 aliud,
1389 3149 1390 3156 r

49 3184 98 3253 nisi
116 3192 244 3262 curnem
264 3195 313 3262 its
334 3215 498 3275 exercere,
520 3200 559 3263 ut
581 3196 661 3264 nibil
680 3199 810 3284 praeter
828 3196 985 3264 rationem
1010 3199 1154 3286 appetet
1197 3197 1248 3267 Al
1388 3283 1389 3296 χ

48 3305 109 3357 '0¹0
122 3297 176 3386 qui
189 3319 265 3364 eum
280 3300 472 3384 sequuntur,
490 3298 758 3389 interpretatione
769 3297 864 3367 huius
880 3297 959 3364 dieti
979 3285 1119 3366 uisuntur
1138 3299 1245 3389 impu·

47 3385 112 3458 dics.
153 3399 241 3468 Sunt
255 3399 364 3479 etism,
380 3402 437 3491 qui
450 3401 612 3490 publicum
622 3402 781 3470 Venerem
796 3401 961 3490 appellent
973 3402 1146 3489 mysticam
1157 3425 1246 3470 com·

46 3497 227 3581 munionem,
248 3523 358 3570 vocem
384 3501 581 3593 praeclaram
606 3504 801 3576 contumelia
820 3503 1009 3593 afficieptes.
1052 3505 1107 3572 Ex
1126 3504 1258 3606 quibuss
1385 3589 1386 3600 ἵ

46 3591 200 3683 siquando
215 3605 346 3694 quidam
359 3605 479 3693 5virgini
489 3605 583 3674 vultu
594 3607 753 3676 formosae
767 3606 971 3697 impudenter
986 3607 1083 3672 dixit:
1106 3605 1244 3695 „Serip
1384 3601 1386 3652 5

45 3693 102 3765 ium
116 3708 180 3773 este
204 3705 260 3774 Du
274 3708 362 3774 omni
376 3711 412 3774 te
426 3708 596 3797 petenti.“.
614 3709 646 3777 Ο
661 3709 878 3800 impietatem!
898 3709 992 3798 Ipsae
1003 3709 1137 3775 Domini
1149 3729 1244 3776 voces
1383 3789 1384 3798 ἵ

44 3807 247 3877 tmenlinntur
259 3809 318 3875 isti
331 3809 598 3900 intemperantiae
609 3814 882 3880 communicantes
896 3813 1078 3900 fratresque
1088 3807 1242 3890 libidinis,
1381 3873 1383 3911 ἆ

44 3893 212 3990 iliquorem
228 3912 450 3981 communione¹
468 3912 590 3982 marint
610 3937 684 3982 sues
704 3917 740 3982 et
755 3913 847 4006 hirci.
876 3913 1099 3993 ·,‚Fornicatio
1120 3915 1242 3996 autem,
1381 3983 1382 4009 ,

45 4000 83 4068 lii
94 4009 281 4101 Apostolus,
296 4017 330 4082 et
341 4015 446 4082 omnis
457 4015 675 4100 immunditie,
692 4016 905 4092 relevantia,
920 4039 963 4084 ne
973 4015 1157 4084 nominetur
1171 4016 1243 4104 qui·
1379 4091 1381 4109 ⁴

43 4101 104 4175 dem
116 4113 149 4184 in
162 4117 272 4196 vobis,
294 4118 379 4186 siout
393 4118 487 4187 decet
503 4122 666 4187 sanctos.“
710 4119 776 4188 Sed
790 4119 947 4189 buuriunt
965 4119 1083 4205 dogma
1105 4118 1187 4186 illud
1202 4141 1244 4186 ex
1378 4111 1380 4186 ἶ

45 4220 211 4310 sporryphu
226 4222 364 4307 quodem
375 4221 467 4300 libro,
484 4227 578 4312 que‘m
590 4222 695 4309 ipsine
706 4204 956 4312 composiuerint,
971 4219 1090 4288 nescio.
1116 4219 1243 4288 Similia
1377 4243 1379 4322 p

44 4306 157 4399 placita,
173 4323 228 4412 qui
242 4322 370 4392 Prodici
382 4326 704 4414 sectamsequuntur,
719 4325 801 4391 lelso
811 4323 942 4390 nomine
952 4323 1076 4411 seipsos
1087 4327 1241 4392 vocantes
1377 4323 1378 4352 ³

45 4419 208 4516 gnosticos,
234 4425 397 4500 statuunt,
440 4425 508 4511 Qui
538 4427 662 4518 seipsos
688 4427 783 4517 primi
809 4425 874 4494 Dei
894 4447 994 4517 quum
1015 4428 1134 4496 natura
1157 4426 1241 4496 filios

45 4544 234 4604 κῆ

89 4619 308 4698 ¹)pn1s-sro.
