2820 5052
732 339 796 408 214

51 547 56 566 ⁸
156 534 300 612 stitione,
315 553 506 622 persuasum
519 529 630 609 habet,
646 551 718 598 eum
735 529 850 607 solum,
866 528 922 617 qui
939 479 1027 596 tolus
1042 529 1087 596 sit
1106 529 1198 607 deus,
1212 527 1357 596 honoran-

156 638 323 713 dumesse,
338 633 568 709 venerandum,
582 633 789 720 magnificum
799 634 901 712 illum,
915 633 1103 710 beneficum,
1119 631 1260 698 omnium
1270 631 1357 696 hono·
1401 695 1402 708 ,

94 801 96 808 ,
155 763 228 806 rum
238 737 415 828 prinoipem
427 737 461 801 et
475 737 656 814 auctorem,
678 735 807 802 minime
818 757 894 803 vero
905 757 1037 812 eausam
1048 735 1214 802 malorum.
1247 731 1357 816 Quam·
1401 709 1402 786 l

157 842 207 908 vis
222 841 324 928 igitur
339 837 379 904 de
394 838 456 903 diis
473 837 673 904 Graecorum
688 837 780 904 islsis
801 841 835 904 et
849 837 926 904 satis
942 841 976 903 et
991 840 1100 926 aperte
1120 836 1154 902 in
1169 833 1358 924 Protreptioo

156 941 415 1017 disseruerimus,
426 941 536 1003 tamen
545 937 606 1004 hoo
617 938 687 1006 loco
695 944 827 1030 propter
838 939 1111 1029 consequentiam,
1122 957 1189 1017 eos,
1202 937 1258 1027 qui
1269 938 1358 1016 deum,

157 1043 372 1135 pessimorum
392 1041 557 1126 hominum
577 1040 700 1108 faciant
716 1041 866 1119 similem,
887 1039 1003 1130 impios
1019 1063 1107 1119 esse,
1132 1034 1246 1130 paucis
1265 1043 1359 1106 oeten-

157 1145 298 1212 dendum
318 1145 379 1210 est.
414 1141 561 1224 Quorum
579 1145 741 1210 sententia
756 1148 815 1211 aut
829 1143 1002 1214 laeduntur
1015 1142 1061 1209 dii
1074 1141 1116 1208 ab
1127 1141 1321 1219 hominibus3
1334 1143 1359 1207 et

158 1249 205 1315 sic
221 1248 349 1336 quidem
361 1245 416 1332 qui
427 1245 599 1311 laedantur
614 1247 749 1326 anobis,
767 1269 823 1312 eos
842 1237 1024 1312 hominihus
1040 1265 1112 1311 esse
1127 1245 1300 1311 deteriores
1314 1267 1358 1332 ap·
1401 1247 1402 1294 l

158 1349 301 1442 parebit3
323 1353 381 1415 aut
399 1347 502 1414 sinon
513 1347 696 1426 laeduntur,
712 1371 811 1439 quare
825 1339 955 1440 perinde
970 1351 1068 1438 atque
1082 1347 1210 1414 anicula
1223 1347 1358 1414 iracunde

158 1453 200 1518 ad
214 1451 296 1518 iram
310 1451 447 1517 incitata
460 1449 694 1536 indignantur?
730 1451 796 1519 Sed
817 1459 886 1517 tam
905 1448 1127 1538 superstitiosi
1147 1449 1247 1527 estis,
1268 1445 1358 1525 ut,-si

156 1575 229 1620 mus
244 1577 333 1619 aram
349 1575 367 1618 e
381 1551 452 1618 luto
466 1555 689 1618 constructam·
700 1551 892 1642 perfoderit;
908 1553 936 1618 si
947 1553 1055 1640 gallus
1066 1573 1201 1640 vespere
1212 1549 1356 1628 cecinerit,

156 1657 217 1722 hoc
230 1657 388 1722 iratorum
403 1655 536 1721 deorum
547 1655 676 1741 signum
691 1677 763 1722 csse
780 1653 946 1721 statuatis.
992 1655 1099 1737 Quum
1112 1654 1357 1742 superstitionem

157 1759 209 1826 vel
223 1758 367 1846 ipsorum
381 1760 499 1845 p'oetae
509 1759 549 1822 st
564 1757 746 1846 philosophi
761 1743 900 1824 ludibrio
913 1757 1056 1836 habeut·
1090 1755 1178 1823 Sunt
1192 1755 1299 1822 numm
1311 1755 1357 1818 hu-

157 1859 297 1926 iusmodi
310 1859 552 1950 superstitionis
570 1860 924 1947 signainnumerabilia.
950 1858 1003 1924 Illi
1015 1860 1124 1924 autem
1139 1858 1215 1946 ipsi,
1231 1855 1358 1944 quamvis

157 1963 337 2042 ludibundi,
353 1985 446 2029 omne
461 1961 599 2050 lignum,
614 1983 740 2028 omnem
755 1962 894 2051 lapidem
909 1961 1074 2050 pinguem,
1095 1963 1134 2027 ut
1148 1961 1277 2038 dicitur,
1297 1959 1366 2024 ado,

154 2068 276 2143 rantes,
287 2063 379 2132 lanas
390 2065 503 2143 flavas,
512 2065 618 2130 frusta
631 2065 718 2143 salis,
734 2065 832 2142 laces,
850 2064 982 2142 scillam,
1001 2063 1135 2152 sulphur
1146 2061 1355 2135 extimescunt,

155 2167 329 2234 immundis
337 2168 531 2254 quibusdam
538 2166 777 2254 expiationibus
785 2167 946 2232 incantati
953 2165 1293 2256 a‘praestigiatoribus.
1308 2160 1357 2230 Sed

156 2269 260 2337 omnis
280 2270 440 2337 munditia
458 2271 543 2337 iout
552 2269 767 2346 immunditia,
785 2271 872 2356 quod
883 2270 929 2336 'ad
943 2269 1242 2348 hominemattinet,
1258 2263 1356 2333 mentis

153 2374 218 2454 est.
242 2371 308 2454 Qui
319 2395 384 2438 non
397 2375 474 2438 sunt
486 2371 601 2450 sancti,
616 2371 650 2436 hi
660 2373 891 2460 pertimescant
902 2371 997 2438 deum
1010 2387 1130 2437 verum.
1154 2371 1222 2437 Sed
1236 2387 1356 2459 purgen-

155 2477 212 2540 tur
225 2473 334 2562 potius
350 2473 489 2548 amalis,
504 2476 544 2538 ut
558 2475 599 2538 ad
610 2475 839 2562 mysteriorum
850 2475 1058 2540 traditionem
1073 2473 1224 2558 secedere
1239 2470 1356 2562 possint

218 2575 290 2641 Iam
305 2597 380 2642 vero
392 2575 457 2664 ¹qui
477 2578 584 2641 totum
599 2574 684 2640 huno
699 2577 853 2644 mundum
868 2581 903 2643 et
921 2599 1028 2642 rerum
1053 2577 1309 2642 universitatem
1319 2568 1356 2634 dei

156 2676 390 2744 habitationem
405 2678 597 2745 excellentia
612 2677 681 2744 eius
697 2679 829 2766 dignam
844 2679 1062 2757 exsistimant,
1076 2678 1163 2744 haud
1179 2679 1275 2745 dubie
1285 2671 1355 2741 meli·

102 2810 106 2820 ¹
158 2784 341 2861 creseunt,
363 2803 460 2869 quam
480 2783 525 2859 ei,
552 2781 608 2866 qui
628 2781 764 2846 eundem
784 2781 915 2870 templis
935 2804 1033 2848 manu
1053 2781 1149 2848 iactis
1170 2772 1356 2848 circumcludi

157 2883 342 2972 opinantur.
387 2884 572 2950 Ridiculum
589 2882 673 2948 enim
688 2882 797 2960 fuerit,
813 2883 894 2970 ipsis
909 2884 1088 2956 fatentibus
1103 2881 1300 2972 philosophis
1312 2877 1355 2942 ho·

155 2988 285 3066 minem,
299 2987 408 3076 ipsum
423 2988 556 3054 deorum
571 2983 694 3062 ludum,
710 2985 834 3050 efficere
855 2985 966 3063 deum,
987 2990 1022 3054 et
1042 2987 1172 3054 omnino
1193 3011 1233 3054 ex
1253 2983 1356 3051 ludicra

137 3093 225 3156 'arte
239 3090 309 3155 fieri
325 3091 431 3158 deum.
459 3091 553 3175 Quae
568 3111 663 3177 porro
679 3111 698 3153 a
712 3087 830 3155 vilibus
845 3089 1061 3156 conficiuntur
1075 3089 1258 3157 hominibus
1272 3087 1354 3154 simu·

153 3191 241 3258 lacra
256 3193 291 3257 et
304 3191 443 3282 templa,
458 3193 543 3258 fiunt
557 3213 596 3258 ea
611 3215 651 3257 ex
665 3190 761 3256 inerti
776 3191 928 3268 materia3
952 3213 1051 3276 quare
1069 3192 1144 3282 ipsa
1158 3208 1283 3281 quoqne
1300 3187 1354 3252 lue·

153 3295 221 3360 rint
234 3293 361 3373 inertia,
385 3295 575 3371 materialia,
590 3291 740 3381 profana:
763 3295 840 3358 utut
855 3296 957 3358 artem
971 3293 1157 3382 perfeceris,
1173 3290 1353 3359 illiberalita-

154 3397 199 3461 tis
216 3418 342 3485 semper
356 3401 452 3462 erunt
466 3395 648 3484 participia.
693 3393 759 3462 Sed
774 3393 972 3469 collocantur:
987 3395 1020 3460 bi
1035 3397 1096 3462 dei.
1141 3392 1354 3478 Quaesitus

18 3507 24 3514 '
156 3491 332 3566 collocatur
345 3498 385 3564 ab
399 3497 594 3574 hominihus,
614 3495 678 3560 luit
692 3495 864 3582 aliquando
877 3520 943 3563 non
964 3497 1106 3576 locatus3
1130 3520 1195 3564 non
1214 3489 1276 3564 fuit
1291 3511 1355 3576 ergo

156 3600 297 3668 omnino.
340 3600 457 3690 Itaque
472 3599 543 3677 deo,
559 3598 651 3664 cuius
668 3601 745 3664 sunt
759 3599 883 3676 omnia,
904 3619 986 3688 opus
1000 3605 1073 3668 erat
1086 3600 1204 3687 aliquo,
1224 3625 1244 3668 a
1262 3617 1318 3685 quo
1329 3592 1354 3656 et

154 3703 249 3770 fieret
264 3706 298 3770 et
312 3699 539 3779 collocaretur3
561 3701 596 3766 id
612 3701 698 3790 quod
713 3703 765 3766 est
780 3700 968 3768 absurdum.
1015 3703 1051 3770 Si
1066 3725 1162 3794 porro
1177 3705 1255 3770 deus
1270 3702 1353 3766 form

155 3807 208 3872 est
221 3805 342 3871 homini
358 3803 483 3882 similis,
498 3807 538 3870 ut
551 3804 646 3870 homo
660 3801 759 3870 etiam
780 3803 891 3890 egebit
911 3805 1082 3888 alimento,
1103 3807 1241 3885 vestitu,
1265 3804 1351 3869 domo,
1381 3811 1384 3834 ¹

156 3907 326 3974 similibus.
358 3905 417 3974 Sin
432 3906 512 3972 deus
526 3907 600 3995 ipse
612 3906 653 3972 ah
671 3929 719 3983 eo,
736 3907 823 3996 quod
838 3908 938 3974 estin
952 3907 1189 3975 eius‘honorem
1205 3908 1351 3974 construe·

155 4013 236 4086 tum,
254 4009 452 4096 separandus
468 4011 535 4075 est:
557 4033 615 4076 eur
625 4009 816 4098 nosmetipsi
828 4010 1006 4089 ecelesiam,
1023 4033 1105 4097 quae
1113 4011 1148 4077 in
1159 4011 1209 4076 dei
1220 4010 1350 4090 honorem

154 4110 321 4199 agnitione
342 4111 430 4178 iacta
452 4115 504 4178 est
526 4115 656 4190 saneta,
682 4133 747 4178 non
767 4113 896 4200 proprie
918 4135 1043 4180 sacrum
1066 4113 1254 4190 dixerimus,
1281 4099 1350 4193 <111⁰d

151 4214 265 4300 magni
292 4215 344 4280 est
369 4215 481 4303 pretii,
511 4237 577 4281 non
601 4213 750 4281 illiberali
774 4217 845 4280 arte
873 4215 1087 4294 aedificatum,
1116 4203 1349 4307 nequepraestl·

153 4317 291 4404 giatoris
304 4339 401 4384 manu
413 4319 573 4394 ornatum,
587 4317 645 4382 sed
655 4316 707 4381 dei
718 4313 886 4384 voluntate
898 4320 1047 4384 effectum
1058 4319 1237 4408 tenipluml
1256 4313 1348 4398 Neque

154 4421 239 4486 enim
254 4442 340 4486 nune
353 4419 469 4496 locum,
487 4417 733 4485 sed-electorum
748 4421 1030 4506 congregationem
1052 4421 1179 4510 appello
1192 4413 1346 4487 ecelesiam

154 4521 240 4608 quod
259 4521 417 4612 templum
439 4521 553 4588 melius
574 4523 627 4588 est
647 4519 688 4585 ad
707 4519 923 4608 recipiendam
944 4523 995 4589 dei
1015 4523 1185 4610 dignitatis
1204 4513 1345 4604 magnitu-

154 4623 271 4695 dinem.
315 4625 476 4695 Animans
497 4623 583 4691 enim
597 4622 708 4712 magni
721 4625 819 4714 pretii
833 4625 873 4705 ei,
888 4627 944 4714 qui
954 4615 1107 4698 est'omrri
1119 4625 1223 4717 pretio
1236 4619 1343 4706 diffssub
