2820 5052
635 307 698 376 167

6 481 8 570 l
64 497 237 589 Apostolus
263 497 399 586 probat,
435 495 589 564 nullum
621 515 709 564 esse
740 495 781 564 iu
814 491 979 564 Christo
1010 516 1181 578 servum,-
1215 503 1277 568 vel

6 593 8 600 ’
63 603 240 678 liberum,
281 599 343 666 vel
376 599 586 678 Graecum,
625 598 687 665 vel
718 597 928 677 Judaeum,
955 591 1124 670 ‚sorbens
1169 601 1278 671 Nova

63 707 120 770 est
139 701 226 774 enim
242 705 448 782 creature,
472 703 571 790 quu'e
593 703 656 768 est
670 701 709 766 in
725 698 908 780 Christo,
931 702 1135 770 contentione
1150 711 1185 772 et
1199 729 1275 772 ava-

63 805 127 870 ritia
140 825 258 882 vacuo,
275 807 311 870 et
325 804 413 872 iusta
427 805 617 891 aequalitas.
645 801 774 872 Prodici
791 800 851 870 Cei
865 825 961 892 porro
975 801 1086 870 iubula
1100 805 1141 872 de
1154 807 1277 874 virtute

63 911 89 974 et
100 905 178 972 vilio
193 907 346 974 manavit
360 908 429 974 sine
452 907 550 975 dubio
565 927 585 971 a
600 929 626 982 s,
643 904 995 992 scripturaedoctrina
1006 905 1046 972 de
1061 906 1187 974 duabus
1202 909 1276 987 viis,

66 1031 114 1074 mu
140 1011 246 1079 arta,
263 1013 306 1075 et
320 1013 521 1097 angusta,
555 1010 723 1074 contrecta
748 1006 931 1094 praeceptis
951 1010 987 1074 et
1008 1009 1136 1086 vetitis;
1174 1010 1277 1077 altera

66 1111 132 1177 lata
152 1113 196 1176 et
220 1112 426 1200 spatiosa,
448 1113 483 1178 in
498 1133 595 1198 quam
609 1108 834 1198 uoluptatibus
850 1111 885 1174 et
897 1107 964 1176 irae
983 1109 1065 1176 liber
1084 1114 1137 1176 est
1157 1111 1276 1180 aditus.

63 1213 164 1301 ltaque
186 1211 419 1301 Pythagoras,
444 1213 621 1302 discipulos
648 1209 804 1298 ingredi
831 1209 894 1275 via
921 1211 1031 1296 regia
1065 1211 1165 1280 iubet.
1211 1213 1276 1282 Sed

62 1315 150 1382 nullu
164 1319 343 1405 praeterea
357 1339 377 1382 a
391 1317 590 1406 philosophis
606 1317 641 1381 et
654 1314 761 1403 poetis
778 1311 933 1400 symbolis
948 1316 983 1379 et
998 1312 1276 1396 similitudinibus,

62 1434 173 1484 sacrum
190 1419 402 1507 Scriptorum
419 1421 550 1497 secutis,
572 1418 770 1502 dicuncuu).

112 1521 356 1609 Aenigmatum
369 1525 478 1589 autem
494 1521 609 1588 modus
629 1519 852 1586 universarum
871 1515 1022 1605 proprius
1041 1519 1076 1584 et
1095 1517 1188 1603 quasi
1207 1518 1274 1607 pri-

61 1623 143 1716 uatus
161 1623 414 1712 scripturarum
430 1645 455 1691 o.
472 1649 498 1691 s.
514 1627 576 1690 est.
606 1621 883 1708 Pauouqnuedam
895 1617 1042 1706 exempla
1054 1619 1275 1714 sufficiunt.-

61 1723 248 1792 hlieiunt‘ur
263 1727 367 1813 igion·
381 1727 539 1816 exempla,
560 1739 642 1812 quae
656 1727 766 1790 tamen
781 1721 900 1790 referre
916 1743 1187 1810 supervacaneum
1203 1745 1276 1790 esse

61 1824 198 1892 r'rbltlor.
247 1826 401 1896 Clemens
416 1830 501 1897 enim
516 1829 753 1916 interpretatur
767 1824 947 1913 allegorice,
963 1828 1002 1892 ut
1016 1824 1164 1902 dicimus,
1186 1845 1274 1912 sym-

62 1921 122 1993 bola
141 1933 180 1996 et
199 1935 397 1998 ornamenta
414 1930 529 2020 tereph
551 1930 670 1996 veteris
685 1949 724 1994 ac
752 1928 932 1998 sacerdotii.
976 1928 1007 1994 Ε
1033 1922 1146 2016 paucis
1172 1947 1276 2016 pauca

63 2023 175 2116 dignm.
190 2073 236 2082 ——-
284 2028 524 2102 Candelabrum
549 2033 584 2098 in
608 2029 808 2097 australibus
827 2031 977 2118 pertibus
996 2029 1153 2096 thuribuli
1175 2029 1273 2096 situm
1386 2031 1404 2082 ·‘

61 2137 129 2215 orco,
146 2147 213 2222 quo
229 2135 388 2204 declarati
409 2139 487 2204 sunt
507 2133 617 2201 motos
638 2136 765 2220 septem
777 2131 994 2210 luminarium,
1015 2155 1098 2218 qnae
1113 2130 1273 2199 australes

62 2231 173 2304 liniunt
202 2238 444 2304 conversiones.
496 2237 549 2304 Ex
578 2239 718 2321 utreque
752 2235 837 2300 enim
867 2235 961 2322 parte
991 2233 1175 2302 candelabri
1205 2236 1272 2299 tres
1346 2319 1348 2326 Ι
1403 2217 1404 2230 ’

61 2331 161 2404 inserti
183 2343 269 2406 sunt
280 2341 362 2406 rami
377 2343 411 2406 et
425 2339 459 2406 in
474 2340 555 2428 ipsis
566 2339 726 2414 lucernae,
742 2337 896 2424 quoniam
905 2337 953 2403 sol
965 2359 1102 2424 quoque,
1118 2340 1274 2424 tanquam

64 2429 297 2532 c'tnde'lubrum,
325 2441 500 2510 collocutus
515 2439 550 2508 iu
564 2439 670 2506 medio
684 2439 820 2505 elisorum
836 2439 1023 2516 ementium,
1049 2443 1084 2506 et
1098 2439 1162 2516 eis,
1192 2461 1275 2525 quae

62 2545 129 2606 sunt
143 2562 246 2634 snper
260 2545 379 2632 ipsum,
394 2549 430 2611 et
442 2545 500 2622 eis,
517 2565 601 2630 qnae
616 2545 694 2608 sunt
707 2540 768 2608 suh
778 2541 861 2629 ipso,
877 2541 986 2608 divina
995 2540 1136 2632 quadam
1150 2541 1274 2608 musica

61 2639 152 2712 iucem
166 2647 266 2714 indit.
311 2647 424 2714 Heben
444 2651 553 2714 autem
574 2645 661 2710 aliud
681 2653 809 2730 quoqne
829 2643 979 2731 aenigma
1003 2665 1136 2710 aureum
1156 2644 1273 2710 cande·

60 2733 192 2826 labinia,
225 2747 312 2837 signi
329 2747 471 2826 Christi,
496 2771 562 2814 uon
576 2747 681 2834 ligure
697 2747 781 2825 sola,
804 2746 861 2812 scd
881 2769 919 2812 eo
935 2747 1048 2825 etiam,
1070 2747 1156 2836 quod
1170 2745 1273 2812 lucem

61 2840 201 2917 immittit
240 2849 506 2917 multifariam
544 2849 763 2938 multisque
794 2847 920 2914 modis
958 2848 997 2914 in
1037 2871 1120 2927 eos,
1160 2848 1274 2939 quiin

61 2941 328 3030 ipsemecum,
351 2955 501 3040 sperant,
522 2951 719 3040 respiciunt,
741 2959 852 3016 colum
873 2949 1063 3028 ministerio,
1093 2955 1274 3040 quaesunt
1302 2984 1320 3000 ··

61 3048 289 3130 primocreata.
334 3054 461 3130 Dicunt
478 3058 586 3120 autem
602 3075 674 3120 esse
697 3055 850 3140 septem
873 3049 1010 3118 oculos
1032 3051 1166 3118 Domini
1183 3071 1272 3140 sep-

61 3149 127 3217 iem
144 3157 341 3244 spiritus,
363 3155 603 3246 requiescentes
617 3155 651 3222 in
666 3153 796 3242 virga,
819 3175 920 3243 quae
942 3152 1273 3222 floretexradice

60 3247 80 3314 J
87 3275 182 3324 csse.
228 3258 323 3341 Quae
338 3262 447 3350 autem
462 3259 502 3324 de
519 3261 633 3324 sancta
647 3279 722 3324 erce
736 3259 919 3334 narrantur,
936 3255 1165 3344 significabant
1179 3279 1272 3324 mun·

61 3351 138 3436 dum,
161 3361 230 3450 qui,
253 3362 352 3448 vulgo
366 3361 513 3428 occultus
528 3361 562 3427 et
577 3359 744 3438 occlusus,
773 3361 881 3428 mente
896 3359 1090 3448 percipitur,
1120 3360 1162 3425 ad
1177 3382 1272 3454 quern
1403 3393 1404 3440 p

61 3456 148 3526 etiam
165 3460 342 3530 Cherubim
359 3467 507 3551 spectare
521 3462 681 3530 videntur.
713 3462 838 3546 Utrum
854 3466 963 3528 autem
981 3463 1104 3549 ogdoas
1123 3465 1158 3529 et
1176 3485 1278 3540 mun-¹
1403 3461 1404 3464 '

61 3553 123 3639 dns,
137 3566 194 3653 qui
209 3567 319 3632 mente
334 3565 625 3654 comprehenditur,
641 3587 683 3632 an
694 3564 793 3630 etiam
808 3564 890 3652 ipse,
907 3565 961 3654 qui
975 3567 1108 3652 superat
1118 3565 1226 3631 omnia
1236 3567 1271 3632 et

61 3665 293 3751 complectitur,
323 3671 437 3756 estque
458 3690 574 3754 expers
598 3668 722 3754 figurae
747 3689 851 3758 neque
878 3667 966 3733 cadit
987 3667 1048 3732 snb
1068 3667 1269 3754 adspectum,
1403 3737 1404 3742 ,

62 3757 132 3828 deus
149 3767 204 3846 sit,
219 3769 254 3834 in
268 3769 454 3856 praeseutia
467 3770 636 3836 differatur
649 3769 812 3836 iudicium.
843 3765 996 3836 Ceterum
1013 3766 1190 3858 Cherubim
1204 3791 1269 3836 non

62 3869 131 3930 sunt
145 3868 270 3956 effigies
285 3871 458 3958 compositi
473 3871 609 3938 alicuius
620 3871 655 3936 irr
666 3871 753 3938 coelo
760 3870 924 3949 animalis,
941 3871 1084 3962 quodita
1096 3869 1270 3938 schabest.

62 3957 119 4031 list
134 3975 242 4038 autem
257 3971 356 4038 iacies
372 3984 481 4038 eorum
494 3973 674 4060 symbolum
695 3973 821 4040 animae
839 3973 965 4040 ratione
985 3972 1169 4060 praeditae3
1199 3973 1270 4041 alae

64 4073 133 4135 sunt
145 4073 324 4140 ministeria
339 4077 373 4140 et
388 4075 590 4164 operationes
606 4076 772 4154 sublimes,
793 4076 998 4142 dexterarum
1019 4075 1115 4140 simul
1134 4078 1169 4142 et
1189 4077 1268 4144 sini-

65 4168 193 4242 strorum
208 4179 422 4265 potestatum.
469 4175 542 4242 Vox
563 4201 659 4265 porro
679 4182 793 4264 gratae
819 4175 1010 4242 mentisest
1022 4176 1127 4264 gloria
1140 4175 1175 4244 in
1189 4201 1266 4246 oon-
1403 4191 1404 4262 ἶ

65 4267 261 4360 templatione
277 4277 346 4343 sine
360 4277 433 4342 linc.
477 4271 717 4348 Pileusaureus
731 4284 840 4347 eutem
856 4279 1023 4346 Pontificis
1040 4271 1267 4367 significatre-
1403 4347 1404 4350 ,

66 4370 158 4462 Salem
173 4379 306 4448 Domini
324 4381 533 4470 potestatem,
560 4382 719 4474 siqnidem
745 4383 867 4470 caput
894 4381 1091 4450 ecclesiae
1118 4385 1171 4450 est
1190 4382 1251 4452 Ser

67 4505 253 4528 κ...-

113 4595 136 4663 ι)
152 4618 176 4670 P·
188 4603 334 4664 too-ool.
