2830 5052
616 337 679 411 139

50 531 104 616 Qui
124 533 235 600 autem
257 531 395 622 propter
414 532 523 600 odium
544 531 699 600 adversus
722 552 849 600 carnem
869 532 1072 600 continentes
1093 535 1186 610 sunt,
1205 533 1257 599 in-

49 635 122 700 docti
136 637 236 720 atquc
251 635 347 724 impii
362 631 441 702 mihi
455 636 618 703 videntur.
641 635 708 718 Qui
723 657 818 724 porro
832 635 1048 702 indifferentia
1061 636 1170 702 omnia
1185 657 1257 704 esse

49 738 166 814 docent,
187 736 411 804 hinonnullis
433 739 668 828 scripturarum
687 737 784 817 loeis,
804 737 975 804 libidinose
996 759 1126 804 sensum
1144 749 1256 805 verum
1334 733 1335 738 ’

50 840 288 926 detorquentes,
313 839 504 906 abutuntur.
553 841 606 907 llli
634 840 788 926 denique,
820 840 877 926 qui
901 841 1134 906 continentiam
1162 858 1256 930 praee

53 942 149 1008 claram
175 942 299 1020 istam,
325 943 487 1010 creatione
513 944 607 1030 quasi
631 943 718 1010 mala
743 942 903 1009 calumnia
928 944 1061 1022 affecta,
1092 945 1256 1022 iactitant,

57 1043 230 1131 Evangelio,
253 1044 291 1110 ni
310 1043 422 1124 lallor,
445 1048 620 1114 secundum
642 1045 828 1134 Aegyptios
848 1045 1018 1127 nituntur,
1039 1034 1073 1111 in
1094 1067 1158 1131 quo
1178 1045 1258 1113 haec
1376 1065 1379 1072 ’

54 1143 195 1212 habentur
206 1167 282 1236 'pro
295 1145 431 1213 Domini
450 1149 574 1216 verbis:
597 1149 705 1229 „Veni
725 1147 767 1213 ad
786 1145 1027 1213 dissolvendum
1047 1167 1146 1236 opera
1164 1148 1256 1214 lemi-

52 1257 127 1324 nae‚“
140 1247 288 1316 feminae
303 1247 432 1336 quidem
447 1251 654 1340 cupiditatis,
675 1273 773 1340 opera
793 1249 902 1314 autem
922 1271 995 1315 esse
1016 1251 1257 1336 generationem
1397 1277 1398 1292 ¹

52 1350 78 1413 et
88 1349 268 1417 interitum.
314 1351 381 1419 Sed
394 1353 455 1420 hoo
476 1353 635 1421 sisarum
656 1354 761 1430 esset,
782 1351 922 1418 mundus
941 1352 1100 1418 interiret.
1144 1349 1257 1441 Opera

52 1453 153 1532 autem,
169 1474 261 1542 quae
274 1452 439 1522 Dominus
453 1453 614 1535 dissolvit,
630 1453 832 1544 cupiditatis,
855 1457 933 1521 sunt
947 1454 1101 1532 avaritia,
1123 1459 1258 1522 conten-

52 1551 96 1630 tio,
109 1555 224 1641 gloria,
240 1554 380 1623 insanus
394 1557 566 1624 mrrdiarum
580 1581 681 1636 amor,
699 1556 843 1624 similia„
870 1555 1048 1624 Generatio
1059 1557 1143 1622 enim
1158 1559 1258 1644 atque

52 1651 185 1724 interitus
201 1679 224 1724 a
239 1677 350 1725 rerum
366 1661 547 1726 creatarum
561 1663 691 1740 natura,
706 1661 783 1726 dum
798 1659 963 1726 electionis
977 1659 1145 1726 restitutio
1159 1659 1259 1726 luerit

53 1753 132 1838 lacta,
149 1760 304 1848 separari
317 1765 492 1848 nequeunt.
535 1761 708 1830 Nascimnr
725 1763 767 1828 ad
787 1761 1020 1850 cognitionem
1043 1761 1197 1831 morimur
1216 1763 1259 1830 ad

55 1859 294 1956 restitutionem.
340 1859 467 1946 Quodsi
475 1866 596 1932 mulier
610 1867 740 1958 pariens
755 1865 881 1933 dicetur
901 1885 1000 1966 causa
1020 1864 1259 1944 mordebant

58 1959 139 2028 uinus
160 1968 257 2032 reete
277 1965 380 2032 etiam
399 1989 498 2034 cauea
521 1968 627 2035 vitae·
666 1968 733 2036 Sed
754 1971 929 2054 utrumque
954 1967 1070 2054 cuique
1088 1967 1181 2046 licet,
1206 1967 1258 2034 vel

62 2065 273 2134 continentiam
291 2067 442 2156 deligere,
457 2070 509 2138 rel
523 2070 774 2138 matrimonium.
818 2071 990 2139 Utrumvis
1006 2074 1115 2136 autem
1125 2070 1257 2136 adama⁴

58 2167 133 2234 reris:
156 2191 199 2237 ne
214 2170 297 2258 quid
312 2171 445 2238 sanctae
459 2174 637 2262 cognitioni
651 2195 717 2241 non
729 2174 955 2240 convenienter
967 2173 1061 2260 agasl
1120 2185 1123 2190 ’

102 2271 148 2337 At
170 2293 255 2340 vero
281 2277 355 2340 otim
380 2274 528 2363 pluribus
553 2275 575 2341 i.
600 2299 627 2349 e.
653 2298 728 2343 curn
753 2275 818 2355 eis,
851 2275 906 2362 qui
931 2273 1049 2341 liberos
1074 2274 1256 2362 procreant,

54 2364 208 2441 Creator
228 2377 300 2454 est,
321 2378 360 2442 ut
378 2375 597 2464 generationis
618 2379 717 2458 deus3
739 2401 814 2446 nam
829 2378 886 2446 ubi
900 2378 966 2444 duo
980 2381 1015 2444 et
1034 2379 1117 2454 tres,
1137 2375 1256 2462 inquit,

54 2479 279 2563 congregantur
303 2477 337 2544 in
361 2479 490 2546 nomine
514 2501 602 2560 meo,
627 2481 663 2548 in
687 2482 802 2550 horurn'
826 2481 932 2547 medio
953 2505 1025 2548 sum
1045 2503 1121 2567 ego;
1151 2477 1257 2544 virum
1349 2485 1353 2494 '
1397 2485 1398 2494 ’

52 2578 153 2656 autem
169 2578 341 2647 mulierem
355 2583 390 2647 et
403 2581 506 2648 filiurn
519 2585 588 2650 tres
604 2586 709 2652 vocat.
728 2633 736 2650 ι
754 2580 943 2670 Contraque
964 2605 1036 2650 oum
1057 2603 1122 2649 uno
1142 2580 1256 2658 electo,

53 2669 68 2736 i.
80 2697 104 2746 a.
116 2701 188 2748 oum
203 2703 256 2760 eo,
273 2683 329 2769 qui
344 2687 396 2750 est
410 2685 596 2765 continens,
620 2687 813 2755 Servator
834 2689 906 2765 est,
927 2687 1078 2764 alterius,
1093 2682 1257 2770 boniqui-
1397 2713 1398 2732 ¹

52 2773 119 2857 dem,
134 2781 200 2850 Dei
215 2783 315 2850 lilius.
351 2785 487 2854 Minime
501 2787 563 2855 ital
588 2787 673 2856 Cum
688 2789 748 2868 eis,
764 2790 820 2876 qui
834 2789 969 2856 honeste
984 2811 1023 2854 ac
1037 2789 1257 2876 temperanter
1277 2776 1280 2790 '

51 2872 77 2941 lu
97 2881 301 2954 matrimonio
326 2888 456 2968 vivunt,
482 2889 576 2958 Deus
601 2891 706 2959 bouus
728 2897 781 2959 est
801 2915 860 2981 per
878 2893 1014 2974 Filium3
1037 2890 1122 2956 idem
1146 2877 1283 2954 autem·
1397 2955 1398 2974 q

52 2975 128 3050 Deus
148 2989 264 3056 eodem
285 2991 381 3058 modo
401 3013 475 3057 cum
494 3015 549 3071 eo,
577 2993 633 3078 qui
654 2993 872 3061 continentiae
897 2993 1016 3060 rationi
1036 2991 1256 3058 convenientis

53 3083 205 3160 studiosus
229 3093 290 3160 err.
335 3093 423 3160 Sunt
443 3095 554 3161 autem
573 3093 607 3160 in
628 3094 756 3162 homine
777 3096 856 3162 tria:
879 3097 938 3172 ira,
965 3091 1139 3182 cupiditas,
1159 3093 1256 3170 ratio,

51 3185 93 3251 vel
104 3211 176 3259 caro
191 3196 229 3261 et
243 3195 351 3262 anima
366 3217 448 3284 quae
463 3219 580 3286 corpus
595 3199 813 3278 constituunt,
830 3201 864 3266 et
878 3221 979 3265 mens.
1012 3197 1051 3264 Si
1067 3197 1139 3283 quis
1155 3194 1257 3283 igitur

51 3279 90 3352 ira
102 3295 134 3358 et
147 3295 329 3386 cupiditate
348 3299 494 3388 superior
508 3301 626 3380 lactus,
642 3324 695 3367 res
712 3304 838 3368 creatas
853 3303 987 3391 propter
1003 3301 1111 3368 Deum
1125 3301 1257 3366 tantum

53 3397 136 3474 tmot,
160 3398 281 3467 habitu
298 3403 534 3490 temperantiae
553 3404 729 3490 acquisito,
757 3403 938 3472 Salvatoris
964 3403 1078 3471 similis
1103 3404 1255 3481 evadens,

53 3509 114 3560 rere
129 3501 296 3588 spiritalis,
312 3503 354 3568 ad
368 3503 502 3572 Domini
517 3507 692 3594 imaginem
707 3509 749 3574 ab
763 3509 836 3597 ipso
855 3507 979 3574 artifice
1001 3507 1140 3574 efficitur
1160 3505 1256 3571 homo
1397 3581 1398 3598 2

54 3598 220 3676 pensurus:
242 3604 272 3672 is
287 3607 431 3696 prolecto
446 3607 644 3696 dignariam
660 3610 733 3690 erit,
754 3611 810 3698 qui
824 3611 927 3676 frater
949 3633 969 3676 a
988 3609 1131 3676 Domino
1150 3605 1254 3673 uomi-

53 3702 144 3784 uetur,
159 3708 282 3775 amicus
300 3709 441 3776 simulet
455 3711 552 3777 lilius.
598 3711 654 3780 Sic
669 3737 747 3802 ergo
762 3714 825 3780 duo
846 3715 881 3780 et
900 3716 968 3779 tres
989 3713 1024 3778 in
1045 3711 1156 3778 eodem
1177 3729 1254 3774 oon-

55 3815 228 3890 negamur,
243 3810 278 3877 in
291 3808 420 3879 homine
434 3815 594 3900 gnostico.
638 3815 750 3902 Atque
765 3815 860 3894 aliter
874 3815 972 3882 etiam
993 3815 1040 3880 illi
1060 3813 1124 3880 duo
1139 3815 1173 3878 et
1187 3813 1254 3876 tres

54 3897 178 4000 intelligi
193 3919 341 4004 possunt.
386 3915 453 3984 Sed
468 3921 523 4003 qui
536 3920 671 4006 propter
684 3917 791 3984 odium
812 3941 943 3985 uxorem
964 3939 1028 3983 non
1049 3916 1182 3992 ducunt,
1202 3913 1255 3980 vol

56 4002 113 4076 sins
126 4014 306 4086 differentia
320 4039 416 4086 carne
431 4017 612 4086 abutuntur
626 4022 903 4110 concupiscentes,
924 4019 958 4085 hi
978 4018 1108 4087 minime
1128 4016 1254 4083 suntin

55 4123 170 4187 numero
185 4141 296 4189 eorum
311 4123 496 4202 electorum,
512 4143 584 4190 oum
595 4123 714 4212 quibus
730 4125 783 4191 est
796 4123 957 4190 Dominus
969 4127 1009 4204 Ι).
1253 4132 1256 4143 “

109 4215 181 4291 dam
194 4246 271 4292 vero
286 4223 397 4293 Sacris
414 4226 582 4314 scripturis
602 4225 716 4305 adiuti,
737 4249 846 4293 veram
867 4245 1065 4312 exponamus
1085 4222 1252 4290 continen-

55 4306 131 4386 tiam,
156 4327 203 4395 Et
216 4327 289 4396 Lex
303 4327 443 4416 quidem,
459 4349 559 4415 quum
574 4327 669 4394 dicit:
693 4329 789 4408 „Non
803 4329 1010 4416 concupisces
1026 4347 1158 4393 uxorem
1178 4317 1254 4415 pio·

57 4409 121 4485 fimi
139 4428 227 4504 tuil“
248 4454 314 4501 non
332 4433 463 4506 omnino
482 4433 590 4512 vetat,
609 4432 697 4500 viros
718 4429 874 4503 uxoribus
894 4432 1114 4527 temperanter
1133 4429 1198 4514 uti,
1218 4427 1255 4503 id

58 4545 238 4584 *δε-...-

61 4679 65 4686 -
103 4639 320 4714 'mosoma
404 4635 406 4642 ’
