2830 5052
604 303 607 314 ’
667 347 868 446 ιιι.-

78 575 80 585 =
157 529 292 600 ecclesia
306 511 416 600 autem
429 531 551 610 eodem,
568 553 632 622 quo
646 536 742 602 antea
756 533 864 602 fueras
883 532 917 600 in
936 533 1019 624 ipsa,
1040 531 1133 602 vultu
1146 533 1286 614 recedas,
1304 531 1359 602 nod

156 637 202 722 ut,
210 634 372 726 permulti,
389 633 444 724 qui
459 637 554 702 coetu
568 635 692 714 relicto,
714 635 827 704 statim
841 636 1038 724 deponentes
1059 635 1157 716 illam,
1173 659 1268 724 quam
1285 637 1358 704 scili-

155 739 210 804 cet
224 737 415 825 inspiratam
430 736 539 825 paullo
559 739 635 804 aute
655 738 875 819 ostenderant,
897 739 991 823 quasi
1012 740 1230 818 sanctitatem,
1245 739 1358 816 turbae,

105 874 110 883 .
153 839 191 905 in
206 861 271 925 qua
285 838 369 926 forte
383 842 566 917 versantur,
582 840 755 913 assimilari
770 839 884 906 solent.
906 840 971 906 Isti
986 842 1113 928 quidem
1128 835 1276 931 deposita
1289 840 1360 907 falsa

153 963 193 1008 ac
209 941 361 1008 simulato
379 943 556 1029 gravitatis
577 963 724 1030 persona,
745 941 1039 1032 deprehenduntur,
1061 943 1172 1033 quales
1193 965 1265 1010 esse
1278 943 1359 1031 iguo-

154 1043 323 1123 rabantur,
344 1046 400 1132 qui
416 1065 571 1122 sermone,
594 1055 690 1129 quem
710 1045 804 1110 modo
824 1043 863 1109 de
884 1045 943 1112 deo
955 1045 1110 1112 debitum
1125 1046 1269 1113 venerati
1286 1049 1359 1122 sunt,

156 1145 223 1212 illic
238 1146 361 1225 relicto,
377 1146 433 1214 ubi
448 1168 521 1214 eum
535 1147 738 1224 audiverunt,
754 1145 835 1223 foris'
847 1147 957 1235 impiis
966 1139 1075 1216 ¹modis
1090 1151 1125 1214 et
1138 1147 1273 1216 canticis
1285 1171 1359 1213 ama-

143 1247 251 1314 ·-toriis
268 1247 485 1327 delectantem
508 1249 564 1334 qui
580 1251 676 1314 antea
690 1248 969 1340 immortalitatem
984 1249 1200 1329 celebrabant,
1219 1273 1304 1320 nunc
1316 1273 1359 1316 ca-

149 1353 245 1416 nunt
264 1351 458 1419 cantilenam
477 1351 581 1420 illam:
604 1351 832 1430 „comedamus
852 1355 888 1420 et
905 1352 1065 1432 bibamus,
1086 1374 1159 1423 cras
1179 1354 1265 1432 enim
1277 1354 1360 1420 mori-

157 1455 273 1519 mur1“
287 1443 424 1522 Hi‘vero
439 1477 502 1524 non
518 1477 601 1533 cras,
618 1453 676 1522 sed
689 1453 783 1520 hodie
797 1454 861 1520 iam
876 1476 950 1521 vere
964 1456 1158 1529 deomortui
1175 1461 1265 1540 sunt,
1281 1478 1359 1545 sepe-

157 1555 273 1622 lientes
295 1579 371 1624 suos
391 1562 548 1639 mortuos,
571 1556 600 1622 h.
621 1579 648 1622 e.
670 1555 794 1644 seipsos
814 1557 848 1622 in
868 1560 1006 1624 mortem
1027 1556 1231 1628 infodientes.
1273 1559 1360 1631 Porro

156 1663 277 1739 autam,
299 1683 398 1746 quum
417 1661 454 1726 iu
472 1681 608 1746 regnum
628 1658 679 1724 dai
699 1659 800 1726 simus
820 1660 937 1738 vocati,
958 1660 1018 1727 hoc
1038 1660 1137 1738 etiam
1156 1685 1258 1750 regno
1277 1661 1360 1752 digne

147 1761 371 1841 ambulemus,
397 1763 493 1830 deum
519 1760 682 1848 diligendo
707 1764 741 1828 et
767 1761 959 1849 proximum.
1004 1763 1070 1830 Sed
1090 1763 1170 1830 illud
1186 1765 1360 1853 proximum

154 1864 301 1952 diligere,
323 1887 387 1956 quo
410 1863 605 1954 christianus
626 1864 821 1932 discernitur
846 1865 887 1932 ab
912 1864 1050 1944 ethnico,
1076 1866 1203 1934 facilius
1228 1863 1359 1956 plurimis

157 1967 295 2035 videtur.
338 1966 407 2034 Nec
428 1966 590 2034 tamenin
611 1967 720 2034 osculo
740 1969 775 2037 et
795 1967 990 2034 salutatione
1005 1969 1139 2036 externa
1154 1969 1295 2058 positum
1309 1969 1358 2043 est,

159 2072 216 2138 sed
230 2072 264 2136 in
283 2068 515 2136 benevolentia.
562 2066 693 2136 Caritas
714 2069 804 2136 intus
826 2071 887 2148 est,
908 2069 941 2134 in
961 2069 1089 2138 hom'iue
1108 2071 1272 2150 interiore,
1292 2089 1359 2160 quae

156 2173 319 2240 interdum
334 2172 433 2240 stiam
450 2173 585 2262 apparet
601 2171 703 2258 signis
719 2170 873 2238 externis.
916 2171 967 2238 At
980 2195 1056 2238 vero
1074 2175 1128 2240 est
1141 2174 1241 2240 etiam
1257 2173 1358 2242 carita-

68 2333 73 2338 .
147 2277 201 2343 cis
218 2275 382 2343 simulatio
397 2274 565 2362 quaedam,
589 2273 657 2340 sola
676 2277 820 2352 externa,
844 2297 908 2361 quo
928 2276 1037 2347 osculo
1051 2279 1191 2344 utuntur
1205 2276 1359 2368 impuden-

156 2381 217 2456 ter,
234 2377 320 2466 quod
335 2377 509 2464 mysticum
525 2377 571 2442 sit
590 2378 728 2464 oportet.
772 2376 997 2467 Impudicitiae
1017 2384 1127 2446 autem
1147 2381 1259 2451 oscula
1279 2397 1358 2466 saepe

155 2481 339 2548 immittunt
352 2481 452 2560 virus,
471 2481 505 2546 in
525 2479 643 2570 quibus
659 2468 768 2564 'neque
787 2481 951 2548 hominum
972 2483 1092 2552 caritas
1107 2485 1258 2572 versatur
1271 2499 1358 2569 neque

157 2585 225 2664 dci3
244 2585 325 2651 haec
344 2586 397 2652 est
415 2583 512 2666 enim,
533 2583 581 2648 ait
594 2581 750 2660 somnes,
773 2583 801 2648 si
821 2585 975 2658 mandata
994 2583 1063 2650 eius
1079 2606 1263 2654 servemus.
1304 2581 1359 2658 Νθῡ

27 2697 29 2704 ’
157 2709 233 2754 vero
245 2708 451 2776 quaecunque
466 2683 635 2774 turpitudo
650 2684 723 2772 ipsa
736 2684 879 2764 vitanda,
892 2710 1001 2754 verum
1014 2686 1158 2754 eiusdem¹
1169 2683 1269 2756 etiam
1281 2705 1358 2754 occa·

157 2790 325 2880 sicutque
352 2790 487 2878 species.
534 2787 744 2876 Quapropter
771 2789 913 2858 mulieris
943 2790 1090 2877 inprimis
1116 2791 1305 2880 adspectum
1327 2805 1358 2852 ne

155 2915 310 2984 quaeras3
338 2915 414 2958 nam
429 2892 492 2958 ‘etsi
506 2890 576 2956 fieri
590 2889 712 2977 potest,¹
732 2893 773 2984 ut
792 2891 876 2982 quis,
899 2893 1045 2982 quamvis
1061 2893 1191 2976 viderit,
1206 2893 1318 2962 fortem
1332 2908 1359 2952 se
1406 2905 1407 2960 ζ

12 3015 22 3028 ·
146 2995 323 3084 praebeat,
344 2997 466 3075 tamma*
485 3017 526 3064 ne
546 2993 651 3071 cadat,
668 2993 856 3065 cavendum.
900 2995 988 3062 Fieri
1009 2995 1092 3065 enim
1108 2997 1230 3084 potest,
1253 2997 1299 3074 ut,
1314 2989 1359 3080 qui
1406 3031 1407 3060 1

155 3099 285 3182 viderit,
303 3098 640 3176 lebetum-necuere,
661 3100 708 3176 ut,
730 3097 786 3188 qui
809 3111 874 3167 nou
899 3097 1027 3174 viderit,
1047 3098 1265 3186 concupiscat.
1307 3093 1358 3160 aa
1404 3151 1407 3204 4

156 3204 266 3267 autem
282 3201 385 3268 omnis
401 3223 498 3289 opera
513 3197 702 3279 adhibenda,
719 3204 758 3266 ut
776 3201 810 3266 id
828 3201 952 3288 ipsum,
975 3201 1061 3290 quod
1081 3203 1133 3269 est
1159 3201 1357 3274 extrinsecus,
1406 3215 1407 3286 ι

156 3304 301 3392 aquavis
313 3303 560 3393 reprehensione
575 3301 620 3368 sit
634 3301 791 3382 alienum,
817 3306 857 3370 ut
866 3315 935 3370 ‘non
956 3303 1056 3370 simus
1075 3303 1180 3373 solum
1188 3302 1297 3370 fideles
1312 3294 1358 3365 sed
1406 3337 1407 3368 ι

149 3407 218 3472 fide
234 3408 332 3474 etiam
347 3407 438 3495 digni
452 3406 627 3474 videamur
1223 3463 1225 3471 ι

145 3547 148 3554 ·
223 3507 441 3592 Quamobrem
455 3497 581 3576 maritis
594 3527 721 3594 quoque
737 3505 905 3586 suaserim,
926 3529 967 3574 ne
986 3529 1127 3594 unquam
1152 3524 1270 3574 uxores
1291 3520 1356 3570 suas

144 3632 264 3678 coram
275 3611 404 3680 famulis
416 3611 612 3680 osculentur
641 3608 854 3679 Artisslmum
866 3613 923 3676 au
924 3633 974 3679 em
985 3610 1198 3680 martnmonu
1206 3605 1356 3678 vinculum

157 3717 201 3794 id,
225 3717 310 3804 quod
325 3681 540 3804 teinperantia
560 3713 693 3792 nititur,
722 3734 824 3801 purae
842 3711 1022 3802 voluptatis
1047 3713 1188 3801 plenum.
1233 3710 1356 3792 „Vanae

18 3819 20 3824 ’
154 3819 242 3885 enim
251 3815 860 3906 conversationisapatribuatraditae“
873 3815 958 3884 limit
944 3821 1019 3896 t,em
1035 3811 1355 3904 Apostolomoneute',

155 3921 311 3988 habemus
327 3939 453 3990 crucem
468 3921 612 3990 Domini.
655 3919 851 4008 Regenerati
871 3941 949 4006 ergo
963 3919 1094 3988 veritati
1115 3921 1293 4008 affigamur,
1313 3931 1356 3978 re-

157 4023 360 4112 sipiscamus,
375 4025 622 4092 sanctificemur.
667 4021 803 4112 Optima
823 4025 932 4090 autem
953 4023 1102 4090 educatio
1121 4026 1190 4102 est,
1214 4041 1294 4110 quae
1312 4034 1355 4080 or·

155 4125 263 4192 dinem
278 4126 386 4213 gignit
398 4125 489 4192 illum
504 4129 717 4216 oportunum,
738 4125 918 4216 perfectum
932 4125 1088 4205 decorem,
1112 4125 1225 4216 inquo
1241 4115 1355 4194 stabilis
1400 4121 1405 4150 “

154 4231 303 4318 potestas
318 4231 353 4296 et
367 4229 526 4309 ordinata,
542 4231 597 4317 qui
612 4231 710 4298 etiarn
726 4229 843 4308 omnia,
858 4251 942 4316 quae
954 4229 1127 4298 coniuncta
1142 4231 1219 4300 suut
1232 4227 1314 4294 inter
1327 4237 1356 4285 se

154 4333 191 4398 et
200 4331 419 4411 cohaerentia
440 4335 529 4400 recte
548 4331 694 4400 faciendo
719 4332 897 4400 distribuit.
942 4331 1011 4400 Sed
1029 4331 1108 4398 haec
1128 4331 1268 4400 severius
1287 4318 1355 4396 dixi

141 4434 273 4502 -salutis
287 4435 678 4510 vestraeamantissimus.
721 4435 790 4502 Vos
802 4437 922 4512 autem,
939 4434 968 4501 si
981 4457 1039 4503 me
1044 4435 1172 4524 quidem
1184 4423 1353 4504 audiencia

140 4537 247 4603 aricia
265 4537 356 4605 salvi.
399 4537 472 4606 Non
494 4561 571 4626 ergo
590 4539 802 4626 Paedagogo,
837 4538 866 4604 si
885 4538 1017 4608 minime
1036 4535 1250 4613 attenderitis,
1268 4541 1354 4599 aurae

154 4642 228 4706 est?
269 4640 341 4712 Imo
354 4651 441 4714 vero
445 4665 541 4714 curae
555 4645 608 4712 est
628 4663 739 4734 quam
744 4639 919 4752 maximam
941 4639 1134 4730 peccatoris
1141 4639 1224 4712 enim
1243 4624 1354 4706 maruli

7 4965 133 5022 1-
