2830 5052
744 337 807 406 112

169 529 259 598 reeta
274 525 473 594 Graecorum
492 523 695 614 philosophia
715 523 876 592 Graecam
895 545 967 592 eam
983 517 1116 592 dixeris.
1157 521 1368 594 verumenim-

169 653 245 700 vero
260 631 332 720 ipsa
346 629 467 695 veritas
481 649 520 694 ac
534 626 680 706 domina,
701 649 784 713 quae
798 626 910 693 violari
923 627 1048 715 nequit,
1067 627 1121 693 est
1134 647 1188 706 ea,
1208 647 1303 714 quam
1321 629 1368 714 do·
1386 711 1387 716 ἵ

169 755 313 801 oemura
334 731 386 796 dei
404 731 479 797 filio.
523 729 570 796 Et
589 727 668 795 haec
689 729 818 815 quidem
836 729 951 796 nostra
976 729 1115 807 veritas,
1140 752 1163 796 a
1183 725 1309 798 Graeca
1324 730 1370 798 illa

170 833 384 925 philosophia,
397 831 555 919 quamvis,
570 831 714 898 eiusdem
725 831 883 921 participe
893 831 1047 911 nominis,
1058 831 1169 899 differt
1180 833 1216 899 et
1230 834 1369 921 magni·

169 937 310 1006 tudine
338 933 600 1022 cognitionis,
633 936 668 1000 et
694 933 1038 1002 demonstratione
1058 933 1327 1015 evidentiore,
1343 939 1370 1002 et

169 1042 323 1108 virtute
344 1038 480 1105 divina
500 1035 904 1123 aliisquesimilibus.
947 1037 1169 1104 ADeoenim
1182 1038 1369 1126 nosquidem

169 1143 256 1210 docti
272 1163 396 1218 snmus,
421 1140 531 1226 utqui
552 1161 664 1206 revere
681 1159 790 1205 sacras
809 1137 937 1205 litteras
956 1161 978 1206 a
995 1137 1061 1207 Dsi
1079 1139 1146 1208 filio
1166 1140 1369 1218 didicerimus,

169 1246 299 1312 diversa
313 1231 440 1331 quo'que
454 1243 589 1308 ratione.
633 1240 708 1308 Hoc
727 1239 910 1308 discrimine
923 1242 1042 1331 posito,
1061 1263 1103 1310 ne
1117 1242 1191 1330 quis
1209 1261 1263 1310 me
1276 1237 1370 1332 repre-

169 1347 307 1425 hendat,
341 1345 429 1432 quod
461 1345 596 1413 nimium
632 1341 801 1410 tribuerim
827 1340 973 1412 Graecae
995 1343 1230 1434 philosophiae.
1272 1345 1319 1412 Ne
1341 1347 1370 1410 ut

153 1473 298 1546 'musam
313 1450 441 1536 quidem
461 1447 669 1514 adiuvantem
688 1467 761 1512 eam
779 1467 852 1512 esse
871 1447 1142 1514 necessariam
1162 1447 1247 1514 dico.
1295 1446 1369 1530 Quin

169 1553 269 1620 etiam
283 1573 396 1620 omnes
415 1549 482 1618 iere
497 1547 678 1616 Christiani
693 1549 729 1631 (i.
749 1569 778 1616 c.
797 1547 945 1638 plurimi)
971 1551 1041 1617 sine
1065 1549 1121 1616 illo
1141 1547 1368 1640 disciplinarum

37 1647 46 1664 ’
168 1655 258 1738 orbe,
282 1675 380 1742 quam
402 1653 560 1737 ἐγκὺκλιον
583 1652 722 1716 παιδείαν
744 1659 863 1719 vocant
879 1649 1013 1732 Graeci,
1038 1651 1108 1720 sine
1132 1651 1264 1722 Graeca
1282 1651 1368 1742 philo·

169 1759 283 1846 sophia
313 1775 457 1843 qnoque,
482 1752 548 1819 imo
571 1751 667 1818 multi
692 1749 761 1820 sine
785 1752 862 1820 uilis
883 1753 1020 1835 litteris,
1045 1754 1156 1821 divina
1177 1777 1220 1824 ao
1248 1755 1369 1824 barbara

168 1859 250 1925 moti
281 1855 498 1946 philosophia,
538 1854 661 1921 virtute
698 1854 808 1922 divina
844 1856 994 1937 verbum,
1038 1857 1126 1944 quod
1160 1861 1215 1924 cst
1244 1857 1285 1924 de
1312 1857 1367 1932 deo,

107 2007 111 2014 ,
167 1961 232 2028 fide
257 1961 467 2048 acceperunt,
503 1979 542 2024 ea
564 1955 687 2057 'eruditi
713 1957 890 2045 sapientia,
922 1979 1007 2049 quae
1030 1981 1090 2049 per
1104 1981 1148 2044 ¹sc
1165 1961 1240 2048 agit
1259 1961 1366 2049 sponte.

167 2063 261 2130 Haec
279 2083 357 2149 ergo
379 2060 461 2128 satis
486 2058 644 2126 distincta
662 2081 684 2126 a
704 2057 832 2127 Graeca
851 2059 1069 2150 philosophia,
1099 2083 1182 2148 quae
1196 2085 1265 2130 non
1278 2083 1331 2152 per
1342 2079 1366 2124 se

167 2165 249 2254 agit,
266 2163 323 2231 sed
337 2185 410 2230 oum
423 2162 496 2229 alio.
540 2160 745 2248 Quamquam
760 2185 818 2252 per
833 2185 868 2230 se
882 2185 1009 2253 quoque
1022 2163 1228 2254 philosophia
1245 2163 1366 2233 Graecos

166 2269 243 2336 olim
257 2269 363 2334 iustos
377 2265 544 2344 reddebat,
558 2286 619 2332 nco
632 2268 742 2332 tamen
756 2259 946 2346 (iniustitia,
965 2289 1049 2353 quae
1061 2267 1095 2333 in
1112 2279 1147 2332 se
1161 2270 1217 2334 est
1230 2266 1365 2357 perlecta,

99 2363 100 2369 '
167 2372 220 2438 cui
230 2369 341 2458 potius
355 2367 565 2435 inveniendae
585 2369 751 2448 conducit,
773 2390 837 2435 non
851 2369 901 2434 ita
915 2369 1060 2459 quidem,
1087 2371 1128 2436 ut
1145 2369 1222 2458 ipsa
1244 2367 1365 2440 sublata

167 2473 289 2541 veritas
304 2472 403 2538 etiam
413 2469 592 2553 tolleretur,
611 2471 668 2537 sed
678 2471 947 2558 quemadmodum
963 2493 1078 2539 sensus
1093 2475 1237 2540 mentem
1252 2473 1292 2538 ad
1305 2489 1365 2555 eog-

166 2576 363 2642 noscendum
378 2573 521 2640 adiuvat.
567 2572 750 2640 servatoris
761 2573 846 2640 enim
857 2573 1014 2654 doctrina,
1029 2573 1149 2648 nullius
1158 2575 1211 2641 rei-
1220 2575 1364 2662 indigens,

165 2677 270 2746 virtus
281 2677 333 2743 dei
344 2680 396 2743 est
406 2679 441 2743 et
455 2672 626 2764 sapientia,
641 2673 693 2741 eui
705 2672 1043 2766 Graeeaphilosophia
1052 2699 1117 2745 non
1132 2677 1228 2745 addit
1239 2677 1310 2766 plus
1319 2693 1363 2762 po-

166 2781 300 2859 tentiae,
318 2779 375 2845 sed
386 2779 499 2844 contra
512 2775 740 2865 Sophistarum
751 2781 1048 2867 argumentationes
1061 2781 1181 2872 vallum
1192 2775 1364 2848 circumdat

166 2884 298 2954 Veritas
314 2880 503 2949 Christiana
514 2881 697 2948 necessaria
710 2883 750 2948 ut
766 2883 874 2971 panis,
895 2881 1098 2974 philosophia
1111 2883 1240 2952 obsonii
1255 2878 1363 2948 similis.

166 2985 286 3054 Graeci
297 2989 405 3052 autem
419 3007 505 3052 nunc
516 2985 610 3072 quasi
621 2985 806 3052 coniectura
820 2986 969 3054 veritatis
978 2989 1106 3076 partem
1120 2985 1262 3072 aliquam
1273 2977 1362 3074 possi·

164 3089 260 3174 dent,
276 3089 328 3156 sin
341 3087 491 3177 discipuli
505 3087 627 3155 luerint
639 3085 734 3172 faeti,
749 3087 843 3174 quasi
856 3089 1023 3156 intuentes
1036 3091 1142 3157 totam
1155 3087 1363 3176 agnoscent).

228 3189 254 3260 J
254 3213 307 3258 am
320 3211 407 3270 vero,
427 3193 466 3256 ut
479 3189 704 3258 Hebraeorum
718 3189 953 3279 philosophiam
969 3191 1077 3272 multo
1099 3191 1215 3278 quavis
1231 3189 1295 3257 alia
1305 3203 1363 3252 esse

166 3293 382 3380 antiquiorem
396 3292 580 3381 probemus,
595 3293 784 3382 disputandi
798 3293 882 3359 ratio
897 3293 1054 3382 postulat.
1098 3294 1187 3360 Fuse
1201 3293 1326 3386 quidem
1337 3283 1364 3351 id

164 3398 421 3464 demonstratum
435 3399 488 3462 est
501 3418 522 3461 a
535 3393 675 3461 Tatiano
689 3399 724 3462 et
737 3419 758 3462 a
772 3392 925 3464 Curiano.
960 3395 991 3462 N
992 3419 1029 3464 os
1042 3399 1153 3464 autern
1166 3396 1265 3464 breve
1278 3389 1363 3460 faeie

53 3576 55 3594 ¹
165 3523 248 3566 mus.
291 3497 497 3564 Ptolemaeus
521 3497 623 3584 igitur
642 3496 846 3584 Mendesius,
873 3497 1042 3578 sacerdos,
1067 3503 1212 3587 tempore
1232 3491 1362 3587 rimosis

163 3601 403 3690 Aegyptiorum
416 3599 503 3686 regis
518 3601 662 3688 tempore
675 3595 788 3666 Inachi
801 3601 928 3688 Argivi,
939 3601 1095 3679 Judaeos,
1111 3600 1228 3688 Moyse
1241 3601 1318 3666 duee
1331 3612 1363 3658 ex

162 3705 318 3792 Aegypto
328 3701 446 3769 exiisse
461 3699 584 3768 scribit.
628 3699 725 3768 Unde
739 3701 889 3790 Moysem
903 3701 1015 3783 Inachi
1029 3706 1148 3784 aetate,
1160 3700 1216 3791 qni
1225 3697 1362 3790 quadrin-

163 3815 279 3896 gentos
292 3829 394 3874 annos
405 3807 440 3872 et
450 3803 537 3870 ultra
547 3803 631 3871 vixit
638 3807 715 3871 ante
724 3803 844 3872 bellum
855 3803 1041 3885 Troianum,
1053 3806 1203 3879 floruisse
1213 3803 1361 3872 discimus·

162 3909 335 3997 Argolicae
350 3911 459 3974 autem
473 3929 526 3974 res
541 3907 657 3974 ceteris
673 3905 809 3974 Graecis
822 3908 972 3976 omnibus
987 3909 1198 3995 antiquiores,
1217 3909 1253 3974 et
1265 3893 1361 3971 Inachi

163 4016 254 4080 aetas
269 4011 357 4100 apud
371 4005 516 4076 Graecos
531 4031 663 4098 prorsus
678 4009 712 4076 in
726 4007 858 4090 fabulis,
878 4011 935 4077 ubi
949 4013 990 4077 de
1001 4011 1107 4100 primo
1121 4010 1256 4086 homine,
1270 4005 1308 4071 ds
1321 3997 1360 4064 dl·
1380 4049 1383 4060 .

161 4115 259 4194 invio,
279 4116 321 4181 de
337 4113 495 4179 similibus
510 4134 615 4180 sermo
641 4117 702 4180 est.
745 4113 864 4186 Totam
884 4116 993 4180 autem
1016 4114 1185 4181 historiam
1210 4106 1360 4194 antiquam

160 4219 395 4308 percurrentes,
410 4213 559 4302 Moysem
575 4216 736 4283 sexcentis
749 4219 825 4283 ante
839 4215 932 4282 annis
943 4219 979 4283 et
992 4217 1147 4302 quattuor
1156 4215 1266 4289 fuisse,
1280 4208 1360 4274 ante·

93 4371 99 4378 .
162 4341 259 4409 quam
270 4318 418 4386 Bacchus
434 4321 468 4386 in
480 4320 557 4394 deos
569 4321 787 4398 referreretur,
799 4319 848 4404 (id
859 4319 945 4410 quod
957 4317 1131 4388 secundum
1143 4313 1358 4408 Apollodorum

119 4469 125 4476 -
161 4421 325 4493 tricesimo
358 4421 501 4492 secundo
533 4445 620 4492 anno
652 4421 764 4491 Persei
802 4422 972 4510 regnantis
998 4421 1149 4509 iactum)
1169 4413 1357 4488 ›invenimus-

219 4650 245 4719 ¹)
259 4635 446 4720 narr-ms.
468 4709 470 4718 ,
