2830 5052
663 348 865 472 Α

155 559 247 647 pant,
265 557 321 624 scd
335 579 383 638 eo,
400 555 487 648 quod
501 553 604 624 servis
618 555 841 626 imbecilliores
857 557 945 625 sunt.
981 553 1055 622 Non
1069 552 1200 622 divitias
1214 551 1355 630 habere,

155 660 213 728 sed
228 659 351 726 divitiis
366 660 462 727 bene
478 658 535 726 uti
550 657 631 723 lacit
645 658 788 725 divitem.
833 659 899 742 Qui
914 662 1042 726 terrena
1056 657 1203 725 vendidit
1216 656 1356 746 deditque

154 763 363 854 pauperibus,
378 763 428 828 vir
443 761 572 852 quidem
587 759 701 838 bonus,
717 761 915 841 moderatus,
929 761 1053 828 iustus:
1068 761 1099 827 is
1113 782 1223 828 verum
1237 757 1356 824 thesau-

152 887 226 932 rum
240 864 365 930 invenit
378 867 412 929 in
428 863 516 929 coelo
531 863 742 942 reconditum,
757 864 791 928 in
807 886 903 953 quem
915 885 979 930 non
992 863 1080 930 cudit
1093 863 1256 940 interitus,
1270 882 1357 952 quum

154 967 199 1034 ibi
214 990 274 1032 neo
288 967 377 1032 tinea
393 967 437 1032 sit
450 988 509 1032 nec
524 966 617 1030 latro.
655 965 689 1032 Is
704 965 807 1052 igitur
821 987 913 1032 veras
926 965 1074 1054 possidet
1088 965 1219 1032 divitias
1233 969 1358 1050 uereque

155 1069 271 1136 beatus
287 1069 349 1134 dici
365 1071 486 1157 potest,
502 1068 648 1156 quamvis
666 1067 710 1134 sit
724 1091 855 1155 parvus,
870 1067 1060 1148 imbecillus,
1076 1066 1245 1156 inglorius.
1280 1061 1357 1130 Cou-

154 1175 281 1262 traque‚
303 1171 360 1260 qui
373 1171 481 1248 Mida,
504 1165 628 1255 Cinyra
648 1170 692 1234 sit
712 1169 827 1248 ditior,
842 1169 1009 1260 {praebeat
1027 1173 1136 1236 autern
1159 1191 1194 1236 se
1213 1167 1359 1234 iniustum

11 1275 14 1286 '
95 1337 109 1354 ,
153 1273 421 1364 insolentemque,
447 1271 715 1362 quemadmodum
733 1271 805 1356 ille,
827 1273 883 1363 qui
903 1296 1047 1362 purpura
1067 1275 1102 1342 et
1119 1273 1220 1359 bysso
1238 1267 1359 1336 indutus

155 1373 320 1440 Lazarum
335 1375 548 1464 despiciebat:
571 1374 752 1451 miserest,
769 1375 903 1441 moleste
918 1373 1013 1453 vivit,
1037 1397 1142 1466 neque
1161 1373 1257 1454 beate
1274 1371 1359 1438 viret.

156 1475 302 1542 Divitiae
316 1475 419 1564 igitur
434 1480 511 1542 sunt
527 1477 670 1564 serpenti
690 1475 827 1556 similes,
853 1499 948 1565 quem
968 1477 997 1543 si
1017 1476 1090 1566 quis
1111 1476 1180 1542 sine
1200 1473 1359 1543 offensione

155 1578 261 1645 nescit
287 1601 412 1645 summa
427 1578 530 1644 cauda
555 1579 767 1668 prehendere:
797 1577 903 1645 bestia
919 1603 1058 1656 ,manum
1078 1578 1148 1645 eius
1169 1575 1360 1644 circumiecta

155 1681 326 1748 mordebit.
371 1680 437 1777 Sed
447 1682 538 1748 dives
554 1685 616 1758 est,
634 1683 688 1772 qui
704 1681 939 1770 pretiosissima
953 1681 1107 1770 possidet.
1136 1677 1252 1767 Magni
1266 1679 1361 1742 auten

156 1782 255 1872 pretii
268 1806 371 1872 neque
387 1805 514 1870 gemma
529 1785 591 1862 est,
613 1807 717 1874 neque
736 1787 917 1871 argentum,
938 1806 1042 1872 neque
1056 1783 1169 1860 vestis,
1184 1801 1288 1872 neque
1301 1799 1360 1844 cor·

154 1884 245 1974 poris
260 1885 475 1973 pulchritudo,
492 1886 549 1953 sed
563 1886 678 1952 virtus.
709 1885 759 1950 Ea
773 1909 849 1953 vero
863 1886 930 1952 norl
943 1887 978 1951 in
992 1883 1137 1951 habendo
1149 1883 1300 1960 cernitur,
1315 1876 1360 1946 scd

156 1987 191 2051 in
216 1987 439 2075 impertiendo.
483 1984 667 2076 Impertitio
693 1989 777 2054 enim
802 1993 836 2054 et
855 1987 1117 2064 communicatio,
1143 1986 1274 2052 minime
1297 2001 1360 2048 vero

157 2089 321 2176 possessio
342 2090 473 2155 beatum
492 2090 610 2162 reddit.
658 2091 770 2156 Animi
791 2093 899 2156 autem
920 2089 1046 2155 fructus
1065 2087 1208 2175 benigna
1223 2090 1275 2156 est
1288 2107 1361 2152 oom-

104 2247 109 2269 ,
157 2191 348 2269 municati03
370 2192 525 2258 inanimo
545 2192 799 2278 igitur'divitiae
821 2195 899 2258 sunt
918 2192 1054 2280 positae.
1096 2191 1174 2259 Jam
1194 2190 1360 2270 verobona

133 2290 141 2309 ⁴
157 2315 222 2360 non
233 2293 393 2380 possideri
403 2297 543 2381 possunt
554 2295 617 2360 nisi
633 2295 772 2373 abonis3
789 2294 863 2360 boni
876 2299 983 2360 autem
997 2294 1056 2362 soli
1069 2291 1260 2373 Christiani,
1277 2286 1361 2382 quum

156 2395 251 2462 homo
279 2396 436 2484 insipiens
461 2397 513 2462 vel
531 2396 751 2484 intemperans
780 2395 856 2462 boni
880 2419 921 2462 ne
945 2419 1075 2462 sensum
1100 2397 1232 2486 quidem
1259 2395 1361 2462 habere

157 2501 277 2588 potest.
310 2495 489 2564 Christiani
504 2521 581 2586 ergo
598 2499 657 2564 soli
672 2499 799 2565 divites.
829 2482 917 2570 Vera
927 2500 1011 2564 enim
1027 2499 1121 2577 bona,
1137 2521 1233 2568 verae
1244 2497 1361 2568 divitiae
1411 2554 1412 2559 ,

158 2605 236 2668 sunt
250 2601 378 2669 iustitia
393 2604 437 2678 et,
456 2601 512 2690 qui
527 2601 641 2690 quovis
656 2599 808 2696 the-sauro
824 2604 875 2666 est
885 2601 1075 2690 pretiosius,
1091 2601 1250 2690 L0g0s1).

222 2719 335 2810 Neque
360 2719 462 2806 igitur
492 2720 674 2810 quicunque
699 2699 980 2788 divitiarum'usus
1000 2721 1135 2788 divitem
1150 2723 1246 2802 lacit3
1267 2719 1361 2788 nullus

158 2821 267 2888 autem
278 2823 396 2902 minus,
412 2824 564 2913 quomis,
581 2822 684 2912 quiin
702 2822 868 2912 voluptate
883 2822 1005 2888 divitiis
1022 2829 1209 2913 comparata
1218 2825 1362 2892 versatur.

157 2924 241 2990 Nam
255 2923 350 2990 homo
365 2928 483 2991 natura
497 2927 549 2990 est
568 2923 729 2990 excelsum
750 2929 785 2990 et
799 2921 941 2992 erectum
962 2926 1082 2991 animal
1097 2928 1182 3014 quod
1203 2927 1362 2994 honestum

157 3025 301 3115 quaerit,
328 3028 369 3108 ad
393 3027 479 3116 quod
503 3026 729 3092 inveniendum
757 3028 859 3094 solum
884 3031 937 3094 est
964 3032 1087 3095 natum.
1143 3031 1238 3113 Quae
1267 3031 1362 3097 autem

158 3129 264 3196 ventri
280 3129 392 3194 studet
407 3127 487 3206 vita,
503 3151 541 3194 ea
555 3127 634 3194 nihil
653 3128 753 3195 habet
772 3131 920 3216 augusti,
950 3131 1050 3218 digna
1069 3133 1180 3219 potius
1208 3130 1364 3224 opprobioJ

158 3231 261 3310 foeda,
278 3231 421 3298 ridicula.
464 3232 542 3300 ,Jam
557 3253 657 3322 quum
672 3231 804 3300 divitiae
818 3233 911 3301 facile
925 3233 1009 3300 fiunt
1023 3234 1246 3322 possessiones
1262 3235 1362 3319 volip-

158 3333 272 3412 tariae,
288 3334 329 3398 ad
343 3334 514 3401 libidinose
529 3334 700 3400 vivendum
716 3357 945 3422 saepenumero
960 3335 1137 3424 impellant,
1158 3340 1197 3402 ut
1210 3335 1362 3403 rarissime

158 3437 260 3512 dives,
273 3458 367 3525 quem
383 3437 481 3523 vulgo
497 3440 624 3514 vocant,
645 3437 737 3523 regni
752 3437 804 3502 dei
824 3437 943 3503 evadat
961 3437 1089 3503 haeres:
1112 3439 1212 3505 nimia
1236 3439 1363 3506 istarum

158 3539 321 3627 cupiditas
331 3539 478 3627 inprimis
490 3537 653 3625 fugienda.
691 3539 890 3604 Diuitiarum
905 3540 990 3606 enim
1001 3540 1259 3619 commoditates,
1278 3559 1362 3628 quor-

158 3665 233 3736 sum¹
244 3643 397 3709 tandem?
423 3643 511 3725 Quid
528 3645 580 3707 tot
599 3641 665 3710 vini
687 3642 848 3708 ministri?
867 3638 967 3724 ,Quid
987 3643 1127 3708 vestium
1147 3645 1260 3720 arcae?
1287 3635 1363 3722 Quid

157 3762 235 3810 vasa
250 3747 366 3811 aurea?
393 3745 559 3828 Quorsum
574 3745 782 3810 ornamenta?
808 3735 905 3827 Quae
920 3745 1027 3810 omnia
1040 3746 1188 3810 amittes:
1211 3743 1363 3826 „eleemo-
1412 3797 1413 3810 ,

159 3869 260 3934 synae
274 3850 383 3914 autem
399 3853 434 3914 et
449 3847 529 3913 fides
545 3850 578 3912 te
593 3867 657 3912 non
673 3847 856 3913 deserent.“
900 3847 1138 3934 Frugalitatem
1153 3847 1271 3932 igitur,
1293 3863 1364 3932 qua·
1412 3839 1413 3922 l

158 3948 222 4014 lem
234 3949 324 4015 Elias
337 3950 555 4026 adamaverat,
573 3969 753 4038 sequamur.
784 3949 977 4015 Abiicienda
992 3971 1068 4036 ergo
1084 3951 1118 4014 et
1129 3969 1278 4037 vasorum
1288 3941 1362 4010 mul·

146 4050 275 4132 titudo,
291 4055 326 4116 et
339 4051 454 4138 pocula
465 4067 561 4116 aurea
573 4045 850 4142 argenteaque‚,et
864 4051 1056 4117 famulorum
1067 4051 1173 4116 turbe.
1198 4049 1362 4118 Pulchrum

157 4155 211 4218 est
221 4153 305 4218 enim
316 4153 387 4218 viae
399 4153 569 4218 viaticum:
582 4153 754 4242 frugalitas
766 4153 933 4220 moderata
944 4177 1016 4220 cum
1023 4147 1362 4243 gravitatsconiuncta.

158 4251 286 4342 Corpus
302 4255 409 4342 ipsum
424 4253 547 4321 indicat
561 4257 702 4346 modum,
724 4280 819 4346 quem
841 4257 927 4345 quod
947 4261 1089 4346 superat,
1111 4255 1200 4322 oneri
1212 4255 1283 4320 erit.
1319 4244 1361 4314 „Vi

157 4359 266 4424 autem
289 4355 471 4446 oportetin
495 4357 600 4428 coelos
622 4361 850 4436 ascendamus3
887 4359 1056 4448 pulchrum
1071 4357 1221 4426 baculum
1235 4355 1361 4422 circum·

157 4548 286 4556 ψῃ,-
302 4553 308 4556 .

211 4660 235 4730 ¹)
253 4677 277 4730 p.
289 4661 417 4718 tlt-lt.
