2884 5058
650 307 892 436 ‘nn-

177 519 420 607 -introspiciens,
440 517 564 586 ut'vim
584 531 677 586 suam
696 503 911 606 cognoscendi
931 519 1108 607 pugnasses
1126 518 1240 615 ipihhr.
1279 497 1376 602 Quin

182 621 398 709 cognitionem
412 643 526 686 rursus
541 620 603 686 niti
617 620 757 687 humana
770 625 889 688 natura
903 621 1048 714 cognita,
1063 620 1098 686 in
1111 619 1263 712 prohptu
1276 621 1332 687 est.
1417 697 1418 724 ¹

178 729 182 740 ’
248 723 341 806 Quae
357 745 456 810 quum
477 721 525 786 itu
542 721 619 801 sint,
641 723 669 789 si
690 721 893 790 Clementem
913 726 952 790 nt
970 721 1197 813 philosophum
1213 719 1375 789 hestribere
1417 767 1418 786 ι

98 867 100 872 ·
180 823 392 904 voluerimus,
413 824 569 914 primum,
597 827 752 911 qualem
779 825 947 894 hominis
974 829 1158 893 nathihnl
1183 825 1376 914 agnoscit,

175 928 406 1016 inquirendum
433 927 511 1005 erit3
545 926 660 992 deinde
687 949 800 1016 quam
834 930 911 996 vim
944 928 1214 1016 cognoscendi
1246 924 1377 994 hom-ihi

179 1033 353 1109 tribuat3
387 1029 525 1119 denique
554 1049 666 1118 quam
692 1029 789 1096 haec
816 1053 861 1098 ex
889 1031 975 1098 eius
1009 1030 1177 1125 plshi'tii
1201 1017 1377 1096 latichen

179 1133 431 1210 habeatcum
452 1131 660 1200 essentiis.
705 1131 834 1214 Quibus
861 1111 1026 1220 indagatis
1052 1128 1153 1224 probb
1175 1135 1211 1214 'et
1230 1131 1376 1208 henna,
1417 1207 1418 1216 χ

181 1239 204 1302 l.
219 1259 247 1302 e.
264 1234 394 1322 scriptis
416 1235 486 1300 eins
501 1233 740 1312 convenienter,
761 1234 866 1322 qualis
889 1233 1040 1309 Clemens
1059 1235 1159 1302 fuerit
1176 1232 1374 1324 philosophiis,

87 1375 91 1384 ·
180 1339 438 1405 demonstratum
465 1335 534 1404 erit.
559 1335 646 1416 ,sed
673 1337 849 1425 antequam
874 1337 1035 1428 triplicem
1058 1337 1150 1404 illai'u
1173 1337 1373 1428 'quaestioneh
1417 1357 1418 1380 ι

180 1441 399 1530 aggredimur,
417 1439 481 1504 duo
496 1441 640 1504 restant:
663 1436 811 1517 alterum,
827 1441 875 1518 ut,
892 1440 1074 1533 quicunque
1089 1439 1129 1508 de
1143 1437 1310 1509 Clemente
1321 1436 1375 1528 pll-

177 1543 311 1632 losopho
330 1541 435 1608 adhuc
450 1541 658 1629 seripserunt,
673 1540 732 1608 hos
747 1540 787 1606 de
803 1539 1026 1610 clementinae
1036 1542 1260 1633 philosophiae
1272 1540 1376 1632 libitu,

180 1663 276 1738 quem
291 1645 428 1736 quisque
441 1643 603 1710 nonnullis
618 1643 696 1710 locis
712 1642 866 1710 adhibitis
880 1665 940 1734 pro
951 1648 1027 1714 uero
1041 1646 1187 1725 haberet,
1200 1645 1376 1713 disieiehtes

178 1753 319 1826 tautum,
333 1748 373 1812 de
391 1745 494 1834 ipsius
515 1745 762 1834 philosophandi
780 1746 906 1814 ratione
926 1753 965 1816 ac
983 1748 1104 1816 natura
1122 1745 1205 1814 nihil
1222 1747 1375 1839 proheta,

175 1852 269 1920 brevi
283 1849 507 1926 ostendamus3
531 1848 680 1932 alterum,
695 1851 735 1914 ut
746 1869 949 1938 quaeramus,
974 1853 1085 1919 utrum
1101 1849 1255 1942 Clemens
1270 1851 1377 1916 omnino

179 1975 276 2046 posse
298 1952 422 2040 aliquid
447 1950 599 2038 cognosci
625 1953 768 2029 statuat,
798 1973 858 2018 nee
883 1973 936 2018 ne.
987 1953 1074 2020 Nam
1101 1953 1129 2021 si
1153 1953 1237 2020 nihil
1268 1949 1377 2020 omnino

180 2055 333 2146 cognosci
363 2055 460 2146 posse
491 2053 695 2143 opinaretur,
721 2075 961 2143 supervacanea
996 2057 1086 2125 esset
1109 2055 1261 2148 quaestio
1283 2053 1376 2122 hostn

152 2167 153 2172 ’
179 2161 310 2252 triplex.

750 2329 818 2412 §a

221 2450 281 2518 De
298 2433 502 2520 Clemente
523 2407 763 2612 pffloso'piil
785 2431 892 2513 viros
913 2445 1097 2516 eruditos
1117 2447 1224 2516 hund
1244 2446 1344 2514 'recte
1368 2405 1372 2414 r

614 2575 618 2580 ·
664 2569 716 2612 Ιιιι
747 2569 888 2614 rcasse.
930 2559 933 2570 ·

185 2675 189 2682 ’
243 2672 297 2737 De
313 2667 469 2736 Cemente
481 2663 702 2739 Alexandrino
716 2662 950 2758 philosopho
964 2670 1026 2737 viri
1037 2669 1155 2738 eruditi
1166 2660 1371 2736 iudicaverunt

175 2762 325 2843 'naemu
350 2771 384 2837 in
409 2769 564 2836 historiae
589 2772 659 2860 tam
685 2769 839 2838 ecclesiae
863 2795 960 2863 quam
986 2770 1207 2863 philosophiae
1228 2765 1369 2848 fibrinis

171 2875 386 2964 ‘Patrologiia
401 2875 436 2940 in
455 2874 644 2962 dogmatum
665 2873 921 2960 expositionibus
940 2874 1257 2964 narrationibusque,
1276 2871 1309 2938 in
1327 2865 1370 2934 sin·

103 2970 106 2978 ¹
178 2981 264 3070 gulis
286 2980 326 3046 de
347 2981 478 3045 auctore
499 2977 554 3042 illo
576 2975 872 3057 dissertationibus,
894 3001 1030 3068 quorum
1051 2976 1233 3045 sententias
1253 2971 1372 3042 omnium
1417 2981 1418 3018 l

175 3082 411 3150 transscribere
426 3083 460 3146 et
473 3079 607 3163 longum
626 3082 679 3144 est
698 3101 757 3166 pro
776 3079 837 3146 hoc
856 3080 928 3147 loco
947 3085 982 3148 et
1002 3099 1285 3168 supervacaneum.
1323 3071 1372 3139 Ne-

177 3204 240 3276 que
255 3183 444 3255 eruditiouis
460 3181 608 3270 speciem,
625 3201 722 3269 quam
735 3169 830 3247 multi
844 3182 997 3250 notandis
1012 3181 1129 3250 libellis
1142 3181 1370 3272 quibuscunque

177 3286 344 3354 vilissimis
364 3286 499 3374 captant
518 3282 755 3359 etinveniunt,
783 3283 841 3350 sed
861 3285 1033 3354 veritatem
1052 3305 1183 3376 quaero.
1228 3269 1329 3366 Quam
1345 3275 1374 3340 ut

174 3389 357 3466 defendam,
371 3385 565 3472 generaliter
579 3407 682 3474 panea
697 3384 926 3465 dixissemus
943 3389 1014 3455 erit.
1059 3387 1183 3454 Omnes
1198 3387 1284 3452 enirn
1297 3397 1372 3472 pree·

177 3495 229 3559 ter
249 3513 360 3571 unum,
380 3489 420 3554 de
439 3487 531 3552 auius
554 3486 716 3552 sententia
735 3486 877 3557 dicemus
901 3490 1001 3569 inlra3
1024 3501 1153 3566 omue's,
1175 3488 1232 3578 qui
1248 3469 1292 3552 'de
1312 3478 1373 3548 (lle-

176 3597 285 3661 mente
309 3589 501 3682 philosopho
526 3589 607 3654 certi
637 3589 759 3676 aliquid
788 3593 1016 3680 pronuntiant,
1046 3609 1112 3659 non
1138 3577 1372 3680 philosophandi

171 3697 334 3765 ratione
353 3713 426 3760 eum
440 3691 629 3778 metiuntur,
646 3691 703 3756 sed
717 3693 862 3758 fructu.

172 3829 176 3841 ·
240 3800 327 3868 Sunt
339 3795 452 3882 igitur,
467 3796 504 3860 et
514 3792 548 3858 hi
563 3793 692 3882 quidem
706 3794 846 3886 plurimi,
867 3794 923 3885 qui
945 3793 1148 3877 Clementdhi
1164 3783 1372 3883 blfilo'sophu'm

172 3911 247 3969 e'sse
256 3893 411 3966 dictitent
424 3913 488 3961 non
504 3893 573 3961 sine
587 3895 798 3986 despicientia
809 3899 949 3990 quadam
964 3897 1192 3968 sx's‘snnaeu
1228 3891 1302 3978 'Qui
1311 3883 1372 3978 tifi-

126 3999 130 4014 ’
171 3997 686 4088 demOlementisphilosophandi
697 3999 783 4066 uam
795 4003 830 4068 et
840 4001 999 4070 rationem
1007 3992 1370 4093 vocaverlhtiahexuidqb

173 4109 209 4173 et
219 4102 409 4195 philosopho
419 4101 482 4190 ipsi
493 4101 637 4168 inferunt
647 4102 807 4183 iniuriam,
821 4127 920 4194 quum
931 4102 1178 4173 certamha'b‘eat
1187 4101 1371 4168 renorma

173 4206 332 4281 stabilem,
347 4203 503 4271 etnescio
517 4227 560 4270 an
573 4225 641 4270 rem
656 4206 785 4274 omnino
800 4207 976 4274 absurdam
991 4205 1200 4276 contehdant.
1222 4201 1254 4268 N
1255 4219 1303 4266 am
1317 4191 1371 4262 'scio

172 4303 322 4399 equidem
336 4310 483 4374 constare
498 4307 684 4397 plerumque
696 4307 783 4398 inter
796 4307 942 4378 homines
956 4309 1087 4389 'dodto'a
1103 4316 1177 4376 csse
1192 4309 1292 4394 genus
1309 4292 1370 4386 phl-

172 4410 362 4500 Iosophandi
382 4411 545 4500 quoddam
561 4410 745 4478 ἐκλεκτικὸν.
790 4410 858 4480 Sed
871 4411 938 4480 ‘hoc
956 4432 1061 4502 genus
1083 4409 1179 4504 quale
1192 4405 1270 4474 esst?
1291 4397 1370 4466 ‘Num

171 4510 257 4580 lorte
280 4499 316 4581 in
334 4535 372 4580 eo
393 4514 565 4594 consistet,
588 4515 627 4580 ut
646 4513 719 4602 quis
745 4513 788 4580 ad
812 4515 910 4583 alium
934 4515 1106 4584 vesorem
1126 4497 1367 4604 cognoscent&

171 4618 286 4686 autur
317 4616 519 4706 Protagorae
552 4611 717 4704 sophistas
750 4616 995 4710 philosophandi
1026 4614 1172 4697 nudos»,
1208 4609 1254 4682 ad
1277 4600 1367 4674 'illidi
