2820 5052
612 412 617 421 ,
675 307 878 410 Aa..

166 498 296 566 scions
319 497 464 576 omnia,
490 497 700 588 potestate
725 471 988 586 pbreorutaus
1018 493 1258 585 potestates.
1294 488 1363 560 Cui

165 601 349 670 subiecta
375 603 439 668 est
465 599 659 668 universa
692 597 925 686 angelorum
951 597 1190 683 deorumque
1215 593 1356 672 militia,

163 704 292 795 Logo,
315 705 491 790 inquam,
513 693 697 792 paterno,
720 703 802 789 qui,
830 701 954 768 Patre
982 701 1236 778 subiiciente,
1262 719 1356 766 sano·

163 809 242 873 tam
265 808 487 893 οἰκονομίαν
509 805 682 872 exbibet.
727 805 907 892 Propterea
925 803 1031 893 ipsius
1051 823 1162 870 omnes
1182 804 1257 869 sumt
1273 798 1355 866 homi·
1400 829 1401 834 ¹

162 931 238 988 nes3
261 910 317 976 alii
330 910 395 975 iam
410 909 586 996 agnitione,
602 907 657 974 alii
671 907 721 973 ita
734 907 892 984 nondam
914 909 954 973 ut
975 907 1069 998 amici
1093 905 1158 984 alii,
1173 905 1228 972 alii
1242 907 1278 972 ut
1290 900 1357 970 servi

124 1093 127 1102 ι
163 1011 285 1089 fideles,
301 1013 340 1077 ut
354 1011 502 1080 absolute
518 1011 602 1079 servi
618 1010 683 1077 alii.
716 1009 783 1076 Hic
796 1012 849 1076 ast
863 1009 988 1090 doctor,
1003 1009 1059 1097 qui
1073 1009 1257 1098 gnosticum
1269 1003 1356 1076 crudit

161 1113 339 1200 mysteriis,
355 1114 440 1182 bona
454 1119 564 1182 autem
580 1121 638 1203 s'pe
662 1111 801 1190 fidelem,
822 1133 895 1178 eum
915 1133 1002 1192 vero,
1022 1111 1077 1198 qui
1096 1111 1178 1179 duro
1197 1113 1247 1177 est
1271 1106 1356 1182 corde,
1400 1153 1401 1162 ο

161 1216 335 1306 disciplina
350 1218 542 1306 corrigente.
585 1215 675 1282 Hinc
689 1219 743 1282 est
756 1215 962 1303 providentia
974 1215 1137 1303 privatim,
1154 1207 1355 1302 publicanti·

161 1341 235 1408 que.
281 1320 347 1388 Sed
362 1319 414 1386 dei
429 1342 501 1387 essa
515 1317 647 1396 Filium,
662 1339 800 1404 eumque
814 1316 901 1384 hune
913 1317 1022 1406 ipsum
1039 1316 1244 1384 servatorem
1258 1316 1290 1380 et
1302 1310 1355 1376 Do·

161 1421 284 1490 minum
308 1424 472 1501 nostrum,
506 1423 619 1510 aperte
648 1419 776 1486 divinae
807 1420 986 1486 ostendunt
1007 1419 1207 1508 prophetiae.
1260 1413 1356 1480 Servat

160 1527 270 1592 autem
291 1547 357 1604 eos,
383 1525 440 1612 qui
459 1523 575 1591 volunt
592 1522 673 1611 ipsi;
696 1521 787 1610 cogit
810 1543 986 1608 nunquam.
1031 1519 1167 1588 Graecis
1195 1519 1293 1608 igitur
1314 1533 1356 1602 per

160 1629 293 1716 angelos
308 1628 487 1706 inferiores,
510 1649 580 1714 per
601 1629 744 1712 gentes
768 1625 1035 1706 distributos,
1058 1623 1149 1690 dedit
1169 1619 1354 1712 sapientiam

159 1731 302 1810 omnium
312 1731 403 1808 enim
419 1729 574 1796 Servator
589 1751 699 1795 curam
714 1727 813 1794 etiam
828 1729 916 1815 gerit
929 1727 1081 1794 omnium.
1124 1725 1256 1794 Dividit
1268 1726 1355 1790 autem

159 1829 351 1900 beneficium
379 1855 473 1899 suum
498 1854 557 1921 pro
582 1831 679 1898 unius
706 1831 862 1917 cuiusque
882 1828 1039 1899 facultate
1063 1829 1150 1894 inter
1176 1827 1312 1896 Graecos
1332 1825 1356 1886 ct

156 1935 313 2002 barbaros
329 1935 605 2024 praedestinatos,
621 1938 767 2023 tempore
782 1933 911 2019 quidem
921 1935 1067 2009 vocatos,
1079 1929 1355 1998 fidelcsetelectcs.

110 2055 113 2065 ’
157 2035 321 2106 Invidia
352 2062 417 2106 non
431 2041 596 2124 movetur3
621 2036 678 2104 sed
697 2036 762 2115 eis,
783 2035 839 2122 qui
858 2034 974 2102 eximie
999 2033 1218 2112 crediderunt,
1240 2033 1354 2098 honores

156 2139 274 2208 tribuit
288 2141 432 2209 eximios.
475 2141 589 2226 Neque
602 2137 725 2206 invidia
740 2139 896 2204 innitatur
917 2138 997 2204 deus
1011 2135 1204 2225 impatibilis
1219 2133 1355 2202 omnium·

114 2295 119 2302 .
158 2265 220 2330 que
235 2243 409 2324 Dominus,
429 2265 535 2332 neque
555 2240 829 2328 ignoratione,
853 2241 1023 2331 quominus
1039 2238 1155 2306 salutis
1169 2233 1355 2304 uniuscuius-

158 2367 221 2435 que
240 2350 335 2434 gerat
355 2367 481 2424 curam,
509 2343 708 2432 prohibetur.
761 2340 930 2430 Ignoratio
955 2365 1021 2408 non
1045 2341 1155 2428 tangit
1181 2342 1293 2419 deum,
1315 2333 1355 2424 qui

156 2451 233 2515 ante
254 2449 365 2515 mundi
386 2447 654 2516 constitutionem
675 2445 786 2514 Patris
805 2447 869 2512 luit
888 2445 1102 2522 consiliarius,
1121 2442 1236 2532 Logos
1254 2436 1355 2510 Patria

155 2551 294 2618 maxime
309 2549 509 2639 principalis,
526 2547 698 2636 sapientia,
714 2547 843 2636 proprie
857 2570 968 2615 eorum
982 2549 1109 2628 doctor,
1128 2569 1211 2636 quos
1225 2545 1293 2632 ipse
1306 2539 1355 2604 lor·

155 2652 267 2719 mavit.
243 2651 380 2720 tNeo
394 2651 604 2740 voluptate
625 2649 701 2716 abst
686 2651 812 2718 tructus
831 2651 971 2740 negligit
989 2651 1154 2718 hominum
1177 2669 1296 2724 curam,
1314 2635 1356 2729 qul

154 2772 255 2846 quum
270 2775 398 2822 carnem
425 2755 626 2846 suscepisset
643 2755 703 2841 pat
688 2751 824 2831 tibilem,
843 2754 927 2821 hanc
945 2753 988 2820 ad
1006 2751 1345 2842 impatibilitatisl
1281 2741 1355 2812 habi·

153 2861 226 2924 tum
246 2853 419 2925 erudivit.
442 2856 561 2924 Omnis
586 2859 695 2922 autem
722 2856 856 2924 Domini
882 2855 1027 2945 operatio
1051 2855 1094 2921 ad
1118 2850 1355 2944 omnipotentem

153 2959 321 3027 referenda
336 2962 397 3038 est,
415 2983 512 3050 quum
528 2959 600 3047 ipse
613 2959 718 3028 Filius
736 2961 790 3038 sit,
805 2962 941 3048 paterna
955 2959 1125 3050 quaedam,
1140 2963 1182 3025 ut
1195 2959 1245 3024 ita
1259 2955 1354 3022 dicam

154 3063 312 3153 operatio.
355 3061 530 3153 Nunquam
550 3063 653 3150 igitur
679 3066 826 3130 servator
850 3063 924 3130 edio
949 3062 1049 3132 babet
1073 3059 1231 3139 hominos,
1255 3055 1356 3148 quiex

152 3165 362 3254 praecellenti
382 3187 460 3253 erga
480 3165 625 3232 homines
652 3165 788 3232 caritate
813 3188 879 3232 non
904 3166 1055 3254 despexit
1079 3165 1188 3234 carnis
1215 3164 1355 3230 hnmanae

150 3269 419 3346 imbecillitatem,
443 3288 507 3356 qua
527 3267 662 3334 indutus
689 3268 731 3332 ad
751 3289 952 3336 communem
978 3269 1068 3336 venit
1092 3267 1260 3336 hominum
1285 3257 1355 3327 salu·

150 3374 234 3450 tem3
257 3371 435 3439 communis
451 3368 536 3434 enim
549 3368 631 3438 fides
647 3371 1037 3460 eorum,qa1elageruut;
1060 3375 1095 3440 et
1114 3357 1147 3438 lri
1162 3357 1355 3463 quidemfid

149 3473 333 3538 initiantur
389 3469 456 3537 Sed
475 3470 587 3558 Logcs
606 3472 764 3562 principio
785 3474 934 3540 sensibus
954 3494 1019 3542 non
1039 3479 1093 3542 est
1112 3469 1356 3578 comprehensus

152 3573 263 3658 Quum
278 3579 389 3642 autem
404 3594 533 3638 carnem
545 3571 744 3663 accepisset,
751 3576 841 3642 venit
826 3576 896 3643 tab
911 3577 1140 3660 hominibus'
1110 3599 1214 3656 ursus,
1225 3575 1283 3640 bos
1297 3561 1355 3654 qul·

150 3677 224 3744 dem
250 3673 380 3745 obedire
408 3676 572 3743 mandatis
597 3701 710 3765 posse,
737 3682 939 3746 ostensurus.
984 3679 1158 3760 Gubernat
1185 3682 1293 3748 autem
1314 3687 1354 3735 ret

150 3801 261 3848 omnes
282 3783 317 3846 et
338 3801 480 3846 summas
503 3783 537 3846 et
558 3778 718 3846 minimas.
763 3779 1042 3862 Quemadmodum
1062 3785 1147 3852 enim
1168 3782 1221 3852 vel
1239 3775 1355 3847 minima

148 3879 232 3972 pars
242 3881 319 3950 ferri
334 3883 453 3972 lapidis
467 3881 630 3970 magnetis
653 3883 771 3970 spiritu
784 3888 933 3952 movetur
946 3907 1005 3975 per
1018 3887 1137 3954 multos
1152 3868 1287 3954 annulos
1300 3879 1353 3944 fer·

147 4009 220 4054 reos
242 3984 393 4053 extensa:
415 3987 464 4054 ita
486 3985 585 4052 etiam
606 3985 662 4072 qui
680 3985 803 4054 virtute
824 3991 902 4054 sunt
920 3990 1075 4077 praediti,
1103 3993 1217 4058 sancto
1236 3973 1354 4052 areant

148 4089 276 4178 Spiritu
305 4089 507 4177 comprima
532 4087 698 4154 mansione
719 4089 974 4178 coniunguntur3
1005 4091 1154 4182 deinceps
1179 4095 1287 4160 autem
1308 4075 1353 4148 nli

150 4195 240 4278 (cum
255 4191 404 4282 sequenti
418 4191 599 4274 mansione)
615 4211 718 4276 usque
739 4193 781 4258 ad
795 4196 1003 4282 postremam.
1046 4195 1128 4262 Mali
1143 4198 1252 4261 autem
1266 4203 1352 4278 quum

146 4315 253 4382 neque
266 4294 331 4382 ipsi
348 4315 382 4360 se
397 4296 531 4360 teneant
545 4313 650 4378 neque
663 4293 837 4362 teneantur
850 4296 892 4366 ab
907 4297 981 4375 alio,
997 4295 1223 4364 circumfluunt
1235 4291 1351 4382 pertur-

144 4395 332 4462 bationibus
349 4394 535 4463 circumacti
550 4398 585 4461 et
595 4389 749 4464 decidunt
757 4397 855 4466 humi.
898 4399 1015 4468 Virtus
1026 4399 1217 4480 enim‚=vita,
1232 4396 1351 4465 beatum

144 4499 324 4585 praemium
344 4501 422 4566 sunt
440 4497 534 4564 liberi
554 4496 692 4564 arbitrii.
742 4499 866 4567 Maiore
885 4505 995 4569 autem
1010 4503 1134 4571 virtute
1154 4502 1198 4570 ad
1217 4498 1349 4568 altiorem

144 4622 272 4693 quoque
284 4601 392 4672 locum
406 4600 555 4671 ascendit
567 4599 675 4688 homo,
692 4599 793 4673 donec
806 4601 849 4673 ad
858 4603 1113 4696 impatibilitatis
1127 4603 1272 4678 habitem
1283 4618 1349 4692 ptr·
