2820 5052
682 367 694 390 ν
740 336 803 404 196

162 523 309 592 laudavit
323 529 404 612 opus
416 517 549 588 factum.
579 519 632 588 Ex
643 525 775 592 aeterno
785 522 872 590 enim
882 523 1060 612 proposito,
1075 545 1144 592 rem
1155 523 1256 594 sciens
1266 525 1356 604 autea,

162 626 267 716 qualis
283 628 372 692 esset
384 622 507 700 lutura,
524 643 583 690 sua
596 625 744 712 potentia
762 625 850 694 fecit.
894 623 981 694 Orat
1001 649 1078 716 ergo
1092 627 1257 715 gnosticos
1276 625 1357 693 etiam

162 729 360 818 cogitatione
381 725 467 794 omni
487 723 581 804 hora,
605 728 741 796 caritate
763 729 823 796 deo
843 729 1034 796 coniunctus
1060 728 1285 796 etfamiliaris.
1321 727 1358 796 ct

163 833 304 924 primum
320 829 449 919 quidem
463 830 555 918 petet
569 829 791 900 remissionem
801 835 1018 920 peccatorum,
1032 833 1147 900 deinde
1158 835 1197 900 ut
1207 833 1359 922 queatnou

160 935 300 1024 amplius
320 955 469 1022 peccare3
484 934 564 1000 ¹tum
584 954 659 998 vero
674 936 713 1000 ut
726 934 834 1024 possit
852 933 1052 1002 benefacere
1066 957 1269 1026 omnemque,
1291 945 1358 1020 quae

160 1038 248 1106 facta
260 1039 313 1104 est
323 1059 381 1125 per
387 1035 574 1114 Dominum,
587 1035 781 1103 creationem
793 1040 891 1124 atque
902 1035 1176 1126 dispensationem
1187 1035 1358 1124 intelligere,

160 1142 200 1207 ut
212 1138 356 1206 mundo
376 1139 491 1206 corde
506 1138 640 1204 effectus
661 1153 699 1204 ea
718 1139 899 1228 agnitione,
930 1163 1013 1226 quae
1032 1143 1085 1206 est
1104 1161 1162 1230 per
1180 1140 1296 1210 Filium
1308 1137 1358 1216 dei,

160 1233 263 1308 laoie
284 1241 334 1308 ad
356 1241 498 1308 faciem
520 1239 607 1318 beati
623 1240 801 1330 spectaculi
815 1242 972 1330 mysterio
986 1243 1150 1323 initietur,
1174 1235 1356 1332 Scripturan

160 1345 346 1424 exaudiens,
362 1365 460 1430 quaet
483 1343 623 1410 bonum
638 1345 717 1422 est,
736 1343 854 1432 inquit,
874 1344 1065 1411 ieiunium
1080 1366 1163 1414 cum
1183 1344 1357 1412 oratione.

161 1447 288 1514 Ieiunia
301 1447 411 1514 autem
427 1445 613 1534 significant
627 1468 753 1512 omnem
764 1445 958 1534 generaliter
971 1447 1204 1516 abstinentiam
1219 1446 1259 1516 ab
1272 1443 1357 1514 omni·

160 1547 222 1616 bus
237 1561 371 1640 prorsus
389 1547 500 1628 malis,
526 1547 595 1614 eive
617 1547 761 1628 actione,
793 1547 861 1616 sive
887 1572 1048 1630 sermone,
1076 1549 1144 1620 sive
1169 1549 1357 1638 cogitatione.

160 1651 295 1720 Iustitia
309 1654 419 1719 autem
435 1650 609 1738 quadrata,
632 1651 719 1717 omni
739 1673 780 1718 ex
798 1654 892 1740 parte
912 1653 1056 1742 aequalis
1071 1657 1107 1724 et
1122 1654 1247 1732 similis,
1269 1650 1358 1727 verbo,

158 1754 256 1834 iacto,
272 1753 472 1822 abstinentia
486 1777 507 1820 a
517 1753 622 1833 malis,
638 1753 858 1834 beneficentia,
874 1755 1068 1842 cognitionis
1078 1756 1285 1846 perfectione.
1307 1751 1358 1821 Sed

125 1889 129 1900 =
158 1844 266 1926 iustus
283 1870 409 1947 semper
419 1857 570 1936 credens,
590 1879 656 1922 non
675 1856 754 1922 item
774 1857 907 1926 credens
930 1868 1057 1947 semper
1075 1859 1201 1939 iustus,
1223 1851 1358 1928 eiusmodi

160 1960 300 2052 quidem,
318 1983 413 2050 quem
428 1981 580 2028 vocamus
598 1960 793 2046 gnosticum.
837 1960 1084 2029 Abstinentiae
1098 1948 1357 2030 malishaudeul·

157 2061 244 2147 licit3
268 2063 403 2132 accedat
417 2065 547 2152 oportet
560 2061 708 2130 iustitiae
723 2084 816 2152 opus,
832 2063 883 2130 ris
898 2063 1027 2154 quidem
1044 2064 1124 2132 bene
1138 2064 1267 2153 agendi.
1300 2060 1357 2128 Hu-

157 2165 297 2234 iusmodi
323 2187 398 2234 vero
419 2165 527 2231 iustus
553 2163 643 2232 velut
663 2165 798 2253 Moyses
828 2167 930 2234 facie
955 2166 1054 2233 animi
1080 2167 1143 2234 erit
1168 2163 1357 2255 glorificatus.

157 2267 270 2334 Instae
285 2268 370 2336 enim
392 2267 519 2334 animae
538 2268 769 2360 visquaedam
789 2269 899 2336 diviua
919 2268 1093 2348 bonitatis,
1119 2291 1178 2358 per
1198 2268 1356 2340 caritatem

157 2369 361 2460 prophetiam
375 2369 619 2461 potentiamque
630 2371 912 2438 administrantem
921 2370 1091 2444 inhaerens
1101 2371 1262 2461 imprimit
1275 2364 1357 2460 quod·

157 2472 234 2538 dam
248 2473 470 2561 conspicuum,
482 2473 577 2560 quasi
591 2473 674 2554 radii
689 2473 924 2560 intelligentiae
934 2473 1067 2563 perinde
1078 2477 1177 2564 atque
1193 2473 1357 2543 caloriseo·

157 2572 247 2652 laris,
268 2573 458 2641 iustitiae
481 2573 620 2661 signum,
636 2573 739 2641 lucem
755 2597 828 2642 cum
843 2576 950 2643 anima
963 2575 1101 2646 caritate
1115 2569 1357 2644 continuacoali·

157 2678 237 2756 tam,
257 2699 340 2767 quae
354 2677 450 2742 deum
464 2675 530 2746 fert
543 2680 578 2746 et
591 2677 695 2744 fertur
714 2701 734 2744 a
749 2677 821 2760 deo.¹
862 2677 959 2748 Unde
977 2679 1125 2748 nascitur
1141 2677 1289 2766 gnostim
1301 2693 1357 2742 cun

158 2778 218 2846 deo
234 2778 422 2846 similitudo.
1364 2797 1365 2804 ’

222 2881 290 2966 Qui
305 2885 415 2950 autem
429 2881 478 2949 ita
493 2882 545 2948 est
559 2885 777 2970 comparatus,
793 2882 846 2952 hic
857 2881 987 2974 quidem
1002 2885 1055 2950 est
1067 2879 1208 2970 Angelis
1223 2877 1357 2974 aequalis·

156 2983 228 3050 Iam
242 3007 319 3052 vero
332 2984 513 3052 luminosus
529 2987 563 3050 et
576 2987 734 3074 tanquam
754 2985 803 3054 sol
821 2985 950 3073 fulgens
969 2984 1190 3065 beneficentia,
1212 2979 1358 3054 contendit

107 3113 109 3118 ·
157 3087 342 3174 cognitione
356 3089 445 3156 iusta
459 3087 511 3155 dei
526 3088 662 3154 caritate
677 3087 720 3154 ad
731 3074 878 3156 sauctaim
888 3087 1098 3167 mansionem,
1116 3088 1203 3156 sicut
1212 3079 1356 3178 Apostoll,

20 3241 25 3261 .
157 3189 293 3280 quinon
313 3194 431 3258 natura
445 3191 540 3257 electi
555 3193 659 3267 erant,
681 3190 741 3256 sed
760 3190 878 3267 idonei,
901 3191 956 3281 qui
970 3191 1167 3282 eligerentur
1186 3189 1229 3260 ab
1243 3193 1289 3269 eo,
1315 3179 1357 3276 qut

74 3329 78 3335 „
157 3292 258 3358 etiam
279 3291 360 3360 fines
382 3293 560 3382 praevidet.
604 3292 766 3359 Matthias
789 3297 898 3361 autem
920 3295 1047 3382 postea,
1069 3315 1168 3384 quum
1185 3294 1358 3381 dignumst

156 3394 337 3483 praeberet,
356 3395 511 3462 suffectus
527 3397 590 3466 est.
619 3393 717 3460 Licet
730 3395 833 3482 igitur
845 3419 933 3483 nunc
944 3418 1072 3488 quoqne
1083 3418 1150 3473 eos,
1167 3397 1224 3486 qui
1234 3389 1357 3484 perfecte

157 3496 271 3564 vivant
290 3499 325 3562 et
344 3497 508 3584 gnostice,
537 3497 572 3562 in
591 3496 826 3586 Apostolorum
851 3501 1020 3566 nirmeruln
1045 3497 1195 3566 adscribi:
1238 3495 1300 3564 Hic
1317 3489 1358 3557 eet

156 3621 268 3667 revera
282 3599 455 3688 presbyter
469 3597 622 3666 ecclesiae
636 3606 671 3667 et
681 3624 776 3669 verus
787 3602 953 3681 diaconus,
965 3601 1113 3670 minister
1123 3599 1175 3666 dei
1186 3591 1357 3669 voluntatit

157 3701 274 3792 siquis
290 3704 325 3768 et
337 3701 438 3768 faciat
451 3705 486 3768 et
500 3701 624 3782 doceat,
641 3726 723 3792 quae
741 3707 818 3770 sunt
832 3703 983 3783 Domini,
1011 3728 1077 3776 uon
1095 3703 1169 3770 ideo
1188 3702 1273 3794 quod
1286 3699 1312 3766 ei
1324 3693 1355 3760 ab

155 3803 340 3870 hominibus
360 3801 476 3870 manue
499 3805 725 3894 imponantur,
756 3827 860 3897 neque
881 3807 967 3898 quod
985 3805 1156 3897 presbyter
1177 3805 1236 3886 sit,
1264 3802 1354 3871 iusto

156 3909 343 3986 censeatur,
371 3906 429 3974 sed
449 3907 535 3997 quod
555 3908 600 3974 sit
613 3909 740 3986 iustus,
769 3908 928 3978 referatur
941 3909 975 3976 in
990 3908 1260 4000 presbyteratum
1301 3895 1354 3983 Qut

151 4009 305 4101 quamvis
316 4009 351 4075 in
365 4009 461 4076 terris
476 4031 541 4076 non
555 4009 653 4077 fuerit
667 4010 772 4098 prima
787 4011 862 4101 sede
876 4011 1063 4090 honoratus,
1091 4010 1217 4080 sedebit
1230 4009 1263 4076 iu
1273 4003 1354 4096 quet-

155 4113 230 4178 tuor
245 4113 280 4178 et
298 4111 415 4200 viginti
430 4111 555 4179 thronis
576 4112 732 4203 populum
751 4113 908 4182 iudicans.
951 4114 1035 4182 Nam
1056 4135 1156 4180 unum
1172 4109 1296 4202 quidem
1313 4100 1354 4169 est

154 4213 402 4282 Testamentum
416 4235 528 4282 revera
542 4214 684 4282 salutare
692 4209 712 4293 ‚'
723 4215 810 4306 quod
828 4217 902 4284 inde
918 4239 938 4282 a
952 4215 1187 4284 constitutione
1200 4208 1305 4279 muudi
1317 4199 1351 4270 ad

78 4384 82 4388 .
152 4317 373 4406 nosperienit
387 4339 444 4406 per
458 4317 683 4404 generationes
698 4321 733 4386 et
746 4321 904 4410 tempora,
919 4317 1048 4388 etiamsi
1062 4341 1122 4409 pro
1136 4315 1232 4386 dandi
1243 4310 1359 4380 acono

152 4418 376 4487 existimatum
394 4417 495 4485 tuerit
513 4441 586 4488 esse
606 4419 780 4488 diversum.
825 4421 901 4488 Una
920 4422 1074 4492 enimest
1087 4415 1351 4488 immutabiliore-

150 4520 230 4590 lutis
245 4523 334 4592 datio
349 4521 391 4588 ab
410 4544 475 4589 uno
494 4521 572 4602 deo,
593 4545 772 4611 perunum
792 4522 987 4606 Dominum,
1018 4547 1101 4618 quae
1115 4509 1358 4611 modisprodat

150 4625 273 4697 multis.
317 4623 459 4717 Utrique
473 4623 593 4714 igitur,
613 4623 733 4702 Graeci
745 4627 781 4702 et
793 4624 907 4700 Iudaei
926 4626 1170 4720 per-veniunt
1197 4623 1246 4696 ad
1265 4609 1348 4694 mai
