2814 5052
36 519 109 588 llitil
120 519 266 606 protento
285 518 437 607 impedit,
457 518 629 607 quominus
650 515 893 584 demonstrandi
907 518 1027 586 veritas
1047 517 1107 587 hae
1126 543 1225 612 quae·

36 622 123 696 stione
136 624 275 692 tuente
287 623 460 710 appareat3
482 621 660 710 quinetiam
676 619 865 687 difficillima
884 620 1073 709 quaestione
1093 619 1227 690 demon-

36 723 143 801 stratio,
158 747 254 814 quum
268 723 324 790 ille
340 721 486 802 „versari
501 721 608 810 possit
626 723 661 788 in
681 744 792 791 omnes
812 724 959 809 partes,“
980 726 1019 790 ut
1037 723 1224 804 identidem,

35 824 95 892 dum
108 823 326 916 quaestionem
341 825 481 894 solutam
497 825 627 902 habeas,
643 822 950 890 demonstrationem
966 846 1030 892 non
1049 826 1226 916 perfectam

34 948 90 994 esse
102 928 192 999 fateri
206 929 344 1017 rogaris,
365 928 620 1008 aoourntissime,
642 925 747 1026 qualis
769 925 814 992 sit
833 930 993 1014 oporteat,
1008 930 1225 1016 cognoscitur.

34 1028 109 1110 Quae
123 1055 220 1120 quum
233 1032 281 1100 ita
297 1032 374 1111 sint,
390 1031 450 1098 hoo
463 1029 582 1118 ipsum,
604 1029 689 1119 quod
710 1027 858 1118 quaestio
878 1027 934 1094 ills
948 1052 967 1096 a
983 1027 1151 1098 Clemente
1167 1032 1187 1098 l.
1203 1033 1225 1100 l.

32 1129 100 1200 inter
111 1134 312 1204 difficillimas
331 1137 531 1210 numeratur,
547 1131 625 1200 mibi
640 1129 769 1221 quidem
784 1130 827 1196 ad
841 1129 1014 1216 fragmenti
1028 1127 1115 1204 illius
1130 1134 1224 1224 egni-

32 1231 136 1304 ban
147 1237 268 1324 potius,
283 1259 381 1326 quam
395 1235 438 1304 ad
451 1235 658 1310 reiectionem
672 1232 779 1300 valere
794 1231 932 1298 videtur.

79 1335 225 1410 Iemvero
238 1336 314 1426 ipsi,
330 1337 559 1423 fragmentum,
573 1336 660 1427 quod
671 1333 764 1404 nobis
774 1338 937 1402 servatum
949 1334 1046 1404 estin
1056 1360 1095 1404 eo
1105 1339 1224 1418 codiee,

31 1437 342 1529 quiednospervsnit,
352 1439 420 1508 veri
431 1438 697 1524 libriootsviesse
709 1435 757 1502 ita
767 1435 1071 1518 demonstrabimus,
1082 1445 1223 1528 utargu-

30 1547 119 1608 menta
133 1565 204 1612 mea
214 1543 359 1610 refutare
370 1541 457 1610 baud
471 1541 516 1608 sit
530 1539 674 1608 cuiusvis
686 1537 836 1605 bominis.
879 1539 927 1604 Et
943 1540 1082 1628 primum
1098 1543 1226 1632 quidem

28 1642 191 1712 testimonia
205 1649 349 1722 externa,
365 1645 483 1736 quibus
499 1666 598 1732 supra
611 1642 654 1708 ad
668 1641 772 1708 totius
787 1641 894 1730 operis
905 1644 1132 1712 auctoritatem
1147 1666 1223 1733 pro·

28 1739 143 1814 tendam
156 1749 207 1816 nsi
225 1769 348 1826 sumus,
363 1747 480 1816 librum
489 1741 642 1814 octavum
653 1767 718 1812 non
730 1744 916 1824 excludunt,
933 1747 990 1812 sed
1005 1745 1223 1834 complectun-

27 1846 75 1925 tur,
89 1850 149 1918 imo
158 1849 304 1918 Photius
318 1848 492 1936 fragmenti
506 1848 610 1916 nostri
627 1848 755 1914 initium
772 1845 872 1914 refert
881 1847 956 1916 huio
972 1849 1115 1916 exstanti
1131 1872 1220 1936 pror-

27 1954 285 2022 susoonsentieus.
308 1949 1223 2042 Quemquametiamineliiseodioibusaliudesseinitium

27 2051 159 2122 testatur.
188 2058 242 2124 At
252 2077 317 2122 non
328 2059 367 2122 ut
377 2054 451 2122 libri
463 2052 547 2122 VIII
562 2052 702 2129 initium,
720 2051 778 2118 sed
788 2051 873 2128 libri,
889 2053 929 2120 de
944 2076 1008 2139 quo
1022 2054 1106 2120 infra
1120 2055 1223 2120 disse-

24 2172 119 2222 remus.
142 2157 242 2240 Quod
256 2161 365 2227 autem
374 2157 467 2226 nobis
480 2160 644 2225 servatum
660 2157 786 2220 estnon
801 2153 930 2227 videtur
938 2154 1013 2220 libri
1023 2156 1221 2242 integriesss

24 2252 139 2338 billum,
158 2283 263 2350 quum
283 2259 370 2326 haud
386 2259 467 2326 satis
482 2258 563 2328 libro
575 2256 715 2346 septimo
728 2257 1052 2347 adnectaturhoeque
1064 2257 1162 2324 moris
1175 2258 1220 2324 sit
1249 2313 1252 2320 ,

26 2350 198 2439 Clementis,
221 2366 260 2430 ut
280 2361 371 2428 brevi
391 2363 570 2450 prooemio,
597 2359 676 2451 quid
695 2362 896 2428 tractaturus
923 2359 977 2437 sit,
1004 2364 1162 2448 exponet3
1184 2360 1219 2426 id

22 2461 150 2545 quoduni
160 2464 350 2534 librotertio
363 2487 436 2540 eam
446 2464 486 2532 ab
502 2487 633 2532 eausam
649 2463 752 2542 deest,
768 2462 854 2552 quod
868 2462 950 2528 liber
966 2463 1125 2530 secundus
1141 2485 1216 2552 pro-

19 2563 77 2645 pter
90 2567 188 2636 solem
204 2567 349 2655 capitum
364 2566 605 2634 multItudinem
620 2565 732 2632 finitus
748 2569 808 2632 est
843 2565 894 2632 At
908 2565 1039 2654 septimi
1053 2565 1128 2644 libri
1142 2565 1216 2632 finis

19 2661 155 2738 eiusmodi
169 2669 373 2759 prooemium
386 2671 492 2738 octavi
513 2669 671 2758 postulet.
716 2668 782 2736 Sed
801 2667 905 2734 multa
926 2668 1040 2734 deesse
1055 2690 1120 2734 non
1138 2690 1217 2756 pos·

18 2773 88 2848 lunt
108 2785 207 2862 qtum
225 2773 313 2844 haud
341 2771 439 2838 dubie
462 2773 635 2841 maximam
660 2770 815 2859 prooemii
834 2774 960 2856 partem
984 2771 1089 2858 primo
1110 2772 1218 2860 eapite

19 2863 186 2944 habeamus.
221 2869 591 2962 Fragmentum‘autem,
607 2874 693 2964 quod
708 2876 829 2955 exstat,
846 2873 916 2940 eiua
927 2872 1012 2952 libri,
1028 2895 1123 2961 quem
1134 2873 1218 2938 vidit

15 2965 150 3060 Plotius,
177 2980 307 3066 partem
332 2997 420 3054 esse,
445 2980 547 3062 negat
569 2969 728 3044 Nourrius
754 2975 829 3040 inde
858 2973 959 3064 requi,
986 2974 1074 3065 quod
1097 2974 1214 3040 iisdem

16 3073 141 3146 ordiatur
161 3079 283 3162 verbis.
327 3079 472 3156 „Verum
492 3078 651 3169 quamvis,
676 3076 793 3167 inquit,
812 3076 909 3154 idem,
934 3081 1033 3166 atque
1052 3077 1087 3142 in
1106 3077 1215 3158 editis,

15 3170 93 3246 huius
106 3182 181 3250 libri
196 3180 365 3250 et-titulus
380 3185 415 3248 et
427 3180 557 3249 initium
577 3204 597 3248 a
616 3179 734 3248 Photio
753 3183 1031 3266 repraesentetur3
1054 3204 1119 3248 non
1140 3181 1212 3246 ideo

15 3275 105 3352 lamen
136 3289 265 3354 eertum
290 3305 363 3353 esse
387 3282 486 3352 debet
510 3305 565 3362 ea,
591 3306 674 3373 quae
698 3282 836 3348 Photius
865 3285 942 3368 post
971 3271 1076 3370 prima
1109 3283 1215 3372 ipsius

15 3381 93 3452 rerba
110 3387 147 3456 in
157 3387 277 3456 oodiee
298 3408 357 3452 suo
375 3385 512 3474 legerat,
528 3387 639 3452 eadem
654 3385 783 3452 omnino
798 3383 910 3469 luisse,
925 3388 1024 3475 atque
1042 3385 1109 3466 illa,
1130 3395 1219 3476 quae,

12 3475 200 3575 uvslgatis
235 3487 414 3556 Clementis
444 3487 550 3556 nostri
582 3485 747 3575 Operibus
777 3509 863 3554 nune
891 3486 1117 3574 leguntur“¹).
1174 3489 1212 3556 Si

11 3579 149 3658 luisses:
172 3594 324 3661 eertum
345 3579 521 3668 nonest,
549 3611 624 3656 vers
649 3589 804 3668 dixisset;
829 3613 906 3658 nam
930 3591 1011 3658 nihil
1035 3591 1210 3682 quidquam

9 3683 182 3762 absolute
211 3697 341 3787 eertum¹
356 3697 408 3763 est
426 3692 460 3762 in
484 3692 636 3772 historia3
665 3691 816 3784 quoniam
830 3697 940 3761 autem
957 3695 1058 3774 dixit:
1085 3699 1211 3782 eertum

9 3805 166 3864 essenon
187 3796 321 3874 debet,
343 3796 469 3864 fallitur
491 3796 633 3883 egregie.
682 3795 893 3862 Testimoniis
908 3796 1026 3865 rationi
1047 3797 1209 3866 sufficien-

7 3887 82 3960 tibus
102 3897 232 3976 allatis,
260 3901 384 3968 eertum
413 3898 535 3988 aliquid
555 3920 628 3966 esse
648 3919 727 3964 sane
747 3897 876 3966 eredere
896 3898 1098 3979 debemus,
1134 3901 1210 3987 qnia

8 3990 111 4064 sinon
143 4000 350 4080 deberemus,
384 4005 458 4068 tota
485 4001 566 4068 fides
595 4003 694 4090 utque
723 4001 900 4068 auotoritas
930 4006 1018 4070 esset
1047 4002 1187 4070 sublata.

56 4097 293 4172 Testimonium
307 4108 418 4172 sutem
432 4125 498 4172 non
516 4103 552 4171 id
566 4105 696 4173 tanturn
715 4126 789 4172 esse
805 4105 965 4184 dicemus,
989 4127 1053 4192 quo
1069 4106 1208 4196 exempli

4 4201 99 4279 gratia
119 4203 203 4272 liber
223 4207 411 4276 testimonio
432 4206 558 4274 auctori
579 4229 639 4274 suo
658 4207 869 4276 vindicandus
889 4207 1016 4296 integer
1036 4231 1075 4276 ao
1093 4209 1209 4297 plenus

4 4302 196 4386 eontinetur3
218 4331 293 4376 nem
310 4309 338 4375 si
351 4309 412 4376 hoe
427 4331 509 4398 opus
525 4312 629 4394 esset,
651 4309 884 4377 demonstratio
903 4311 937 4378 in
951 4311 1113 4378 infinitum
1132 4333 1207 4400 pro·

4 4405 193 4491 grederetur,
205 4411 291 4500 quod
305 4417 393 4482 esset
407 4411 595 4481 absurdum.
639 4410 705 4480 Sed
719 4411 750 4482 N
751 4413 877 4482 ourrius
891 4414 925 4481 id
940 4413 1209 4502 quodoontendit

4 4540 195 4561 Q.—

48 4625 71 4699 ¹)
88 4631 108 4685 l.
120 4631 138 4686 l.
151 4645 179 4698 1²·
191 4635 266 4694 1290.
