<?xml version="1.0" encoding="UTF-8"?>
<!DOCTYPE html PUBLIC "-//W3C//DTD XHTML 1.0 Transitional//EN"
    "http://www.w3.org/TR/xhtml1/DTD/xhtml1-transitional.dtd">
<html xmlns="http://www.w3.org/1999/xhtml" xml:lang="en" lang="en">
 <head>
  <title>
</title>
<meta http-equiv="Content-Type" content="text/html;charset=utf-8" />
  <meta name='ocr-system' content='tesseract 3.04.00' />
  <meta name='ocr-capabilities' content='ocr_page ocr_carea ocr_par ocr_line ocrx_word'/>
</head>
<body>
  <div class='ocr_page' id='page_1' title='image "./clemente00reingoog_0230.png"; bbox 0 0 2820 5052; ppageno 0'>
   <div class='ocr_carea' id='block_1_1' title="bbox 423 319 683 468">
    <p class='ocr_par' dir='ltr' id='par_1_1' title="bbox 423 319 683 468">
     <span class='ocr_line' id='line_1_1' title="bbox 423 319 683 468; baseline -0.012 -38"><span class='ocrx_word' id='word_1_1' title='bbox 423 319 683 468; x_wconf 10' lang='lat'>‚¹221</span> 
     </span>
    </p>
   </div>
   <div class='ocr_carea' id='block_1_2' title="bbox 23 531 1357 1972">
    <p class='ocr_par' dir='ltr' id='par_1_2' title="bbox 23 531 1357 1354">
     <span class='ocr_line' id='line_1_2' title="bbox 58 531 1257 640; baseline 0.004 -27"><span class='ocrx_word' id='word_1_2' title='bbox 58 531 129 613; x_wconf 85' lang='lat' dir='ltr'><strong>Post</strong></span> <span class='ocrx_word' id='word_1_3' title='bbox 143 567 326 636; x_wconf 80' lang='lat' dir='ltr'><strong>supremam</strong></span> <span class='ocrx_word' id='word_1_4' title='bbox 339 546 457 633; x_wconf 88' lang='lat' dir='ltr'><strong>igitur,</strong></span> <span class='ocrx_word' id='word_1_5' title='bbox 473 567 555 635; x_wconf 90' lang='lat' dir='ltr'><strong>quae</strong></span> <span class='ocrx_word' id='word_1_6' title='bbox 569 547 670 612; x_wconf 87' lang='lat' dir='ltr'><strong>estin</strong></span> <span class='ocrx_word' id='word_1_7' title='bbox 684 568 780 614; x_wconf 87' lang='lat' dir='ltr'><strong>carne</strong></span> <span class='ocrx_word' id='word_1_8' title='bbox 795 544 1026 626; x_wconf 85' lang='lat' dir='ltr'><strong>excellentiam,</strong></span> <span class='ocrx_word' id='word_1_9' title='bbox 1042 571 1144 640; x_wconf 87' lang='lat' dir='ltr'><strong>usque</strong></span> <span class='ocrx_word' id='word_1_10' title='bbox 1159 553 1257 640; x_wconf 86' lang='lat' dir='ltr'><strong>prout</strong></span> 
     </span>
     <span class='ocr_line' id='line_1_3' title="bbox 59 647 1260 742; baseline 0.005 -28"><span class='ocrx_word' id='word_1_11' title='bbox 59 649 196 742; x_wconf 75' lang='lat' dir='ltr'><strong>conyenit</strong></span> <span class='ocrx_word' id='word_1_12' title='bbox 210 651 358 714; x_wconf 85' lang='lat' dir='ltr'><strong>mutatus</strong></span> <span class='ocrx_word' id='word_1_13' title='bbox 369 649 403 713; x_wconf 91' lang='lat' dir='ltr'><strong>in</strong></span> <span class='ocrx_word' id='word_1_14' title='bbox 415 647 540 726; x_wconf 83' lang='lat' dir='ltr'><strong>melius,</strong></span> <span class='ocrx_word' id='word_1_15' title='bbox 556 649 597 714; x_wconf 89' lang='lat' dir='ltr'><strong>ad</strong></span> <span class='ocrx_word' id='word_1_16' title='bbox 609 651 776 737; x_wconf 82' lang='lat' dir='ltr'><strong>paternam</strong></span> <span class='ocrx_word' id='word_1_17' title='bbox 787 650 905 729; x_wconf 90' lang='lat' dir='ltr'><strong>aulam,</strong></span> <span class='ocrx_word' id='word_1_18' title='bbox 921 651 962 715; x_wconf 91' lang='lat' dir='ltr'><strong>ad</strong></span> <span class='ocrx_word' id='word_1_19' title='bbox 973 651 1260 720; x_wconf 85' lang='lat' dir='ltr'><strong>vereDominicam</strong></span> 
     </span>
     <span class='ocr_line' id='line_1_4' title="bbox 58 750 1259 840; baseline 0.004 -23"><span class='ocrx_word' id='word_1_20' title='bbox 58 773 105 840; x_wconf 84' lang='lat' dir='ltr'><strong>per</strong></span> <span class='ocrx_word' id='word_1_21' title='bbox 118 753 265 817; x_wconf 79' lang='lat' dir='ltr'><strong>sanctam</strong></span> <span class='ocrx_word' id='word_1_22' title='bbox 285 750 524 831; x_wconf 69' lang='lat' dir='ltr'><strong>hebdomadem,</strong></span> <span class='ocrx_word' id='word_1_23' title='bbox 534 751 703 818; x_wconf 88' lang='lat' dir='ltr'><strong>contendit</strong></span> <span class='ocrx_word' id='word_1_24' title='bbox 720 753 887 839; x_wconf 85' lang='lat' dir='ltr'><strong>gnosticos</strong></span> <span class='ocrx_word' id='word_1_25' title='bbox 907 753 1120 832; x_wconf 83' lang='lat' dir='ltr'><strong>mansionem,</strong></span> <span class='ocrx_word' id='word_1_26' title='bbox 1140 755 1259 840; x_wconf 91' lang='lat' dir='ltr'><strong>lumen,</strong></span> 
     </span>
     <span class='ocr_line' id='line_1_5' title="bbox 58 849 1261 952; baseline 0.006 -34"><span class='ocrx_word' id='word_1_27' title='bbox 58 854 145 919; x_wconf 82' lang='lat' dir='ltr'><strong>atita</strong></span> <span class='ocrx_word' id='word_1_28' title='bbox 160 853 283 933; x_wconf 86' lang='lat' dir='ltr'><strong>dicam,</strong></span> <span class='ocrx_word' id='word_1_29' title='bbox 304 853 445 934; x_wconf 89' lang='lat' dir='ltr'><strong>futurus,</strong></span> <span class='ocrx_word' id='word_1_30' title='bbox 470 853 566 920; x_wconf 90' lang='lat' dir='ltr'><strong>modo</strong></span> <span class='ocrx_word' id='word_1_31' title='bbox 586 853 739 943; x_wconf 79' lang='lat' dir='ltr'><strong>peculiari</strong></span> <span class='ocrx_word' id='word_1_32' title='bbox 761 849 853 922; x_wconf 84' lang='lat' dir='ltr'><strong>stans</strong></span> <span class='ocrx_word' id='word_1_33' title='bbox 875 860 909 922; x_wconf 92' lang='lat' dir='ltr'><strong>et</strong></span> <span class='ocrx_word' id='word_1_34' title='bbox 928 879 1077 936; x_wconf 85' lang='lat' dir='ltr'><strong>manens,</strong></span> <span class='ocrx_word' id='word_1_35' title='bbox 1108 859 1193 947; x_wconf 90' lang='lat' dir='ltr'><strong>quod</strong></span> <span class='ocrx_word' id='word_1_36' title='bbox 1208 863 1261 952; x_wconf 77' lang='lat' dir='ltr'><strong>est</strong></span> 
     </span>
     <span class='ocr_line' id='line_1_6' title="bbox 59 955 1261 1047; baseline 0.003 -25"><span class='ocrx_word' id='word_1_37' title='bbox 59 957 131 1022; x_wconf 90' lang='lat' dir='ltr'><strong>omni</strong></span> <span class='ocrx_word' id='word_1_38' title='bbox 151 980 191 1023; x_wconf 88' lang='lat' dir='ltr'><strong>ex</strong></span> <span class='ocrx_word' id='word_1_39' title='bbox 211 959 307 1045; x_wconf 88' lang='lat' dir='ltr'><strong>parte</strong></span> <span class='ocrx_word' id='word_1_40' title='bbox 332 957 461 1024; x_wconf 93' lang='lat' dir='ltr'><strong>omnino</strong></span> <span class='ocrx_word' id='word_1_41' title='bbox 487 955 700 1028; x_wconf 84' lang='lat' dir='ltr'><strong>immutabile.</strong></span> <span class='ocrx_word' id='word_1_42' title='bbox 743 957 839 1025; x_wconf 88' lang='lat' dir='ltr'><strong>Hanc</strong></span> <span class='ocrx_word' id='word_1_43' title='bbox 862 959 1003 1045; x_wconf 73' lang='lat' dir='ltr'>gnostici</span> <span class='ocrx_word' id='word_1_44' title='bbox 1028 959 1200 1047; x_wconf 79' lang='lat' dir='ltr'><strong>imaginem</strong></span> <span class='ocrx_word' id='word_1_45' title='bbox 1225 963 1261 1026; x_wconf 89' lang='lat' dir='ltr'><strong>et</strong></span> 
     </span>
     <span class='ocr_line' id='line_1_7' title="bbox 61 1058 1259 1226; baseline 0.005 -102"><span class='ocrx_word' id='word_1_46' title='bbox 61 1063 164 1126; x_wconf 80' lang='lat' dir='ltr'><strong>sortem</strong></span> <span class='ocrx_word' id='word_1_47' title='bbox 179 1059 357 1226; x_wconf 57' lang='lat' dir='ltr'><strong>prophetae</strong></span> <span class='ocrx_word' id='word_1_48' title='bbox 372 1081 500 1148; x_wconf 89' lang='lat' dir='ltr'><strong>quoque</strong></span> <span class='ocrx_word' id='word_1_49' title='bbox 514 1058 603 1124; x_wconf 86' lang='lat' dir='ltr'><strong>brevi</strong></span> <span class='ocrx_word' id='word_1_50' title='bbox 617 1059 815 1138; x_wconf 87' lang='lat' dir='ltr'><strong>describunt,</strong></span> <span class='ocrx_word' id='word_1_51' title='bbox 826 1061 917 1128; x_wconf 88' lang='lat' dir='ltr'><strong>cuius</strong></span> <span class='ocrx_word' id='word_1_52' title='bbox 932 1063 1095 1152; x_wconf 88' lang='lat' dir='ltr'><strong>exemplar</strong></span> <span class='ocrx_word' id='word_1_53' title='bbox 1107 1060 1259 1130; x_wconf 83' lang='lat' dir='ltr'><strong>Christus</strong></span> 
     </span>
     <span class='ocr_line' id='line_1_8' title="bbox 23 1149 1357 1256; baseline 0.004 -30"><span class='ocrx_word' id='word_1_54' title='bbox 23 1239 25 1248; x_wconf 25' lang='grc' dir='ltr'>Ι</span> <span class='ocrx_word' id='word_1_55' title='bbox 60 1164 107 1239; x_wconf 88' lang='lat' dir='ltr'><strong>est,</strong></span> <span class='ocrx_word' id='word_1_56' title='bbox 127 1185 223 1252; x_wconf 89' lang='lat' dir='ltr'><strong>quem</strong></span> <span class='ocrx_word' id='word_1_57' title='bbox 276 1162 350 1228; x_wconf 90' lang='lat' dir='ltr'><strong>avid</strong></span> <span class='ocrx_word' id='word_1_58' title='bbox 365 1161 493 1251; x_wconf 90' lang='lat' dir='ltr'><strong>quidem</strong></span> <span class='ocrx_word' id='word_1_59' title='bbox 509 1149 652 1249; x_wconf 86' lang='lat' dir='ltr'><strong>&#39;appellat</strong></span> <span class='ocrx_word' id='word_1_60' title='bbox 670 1161 810 1229; x_wconf 85' lang='lat' dir='ltr'><strong>faciem</strong></span> <span class='ocrx_word' id='word_1_61' title='bbox 831 1163 894 1249; x_wconf 74' lang='lat' dir='ltr'><strong>dei</strong></span> <span class='ocrx_word' id='word_1_62' title='bbox 915 1163 1057 1244; x_wconf 80' lang='lat' dir='ltr'><strong>Jacob,</strong></span> <span class='ocrx_word' id='word_1_63' title='bbox 1080 1165 1259 1256; x_wconf 87' lang='lat' dir='ltr'><strong>Apostolus</strong></span> <span class='ocrx_word' id='word_1_64' title='bbox 1301 1205 1304 1210; x_wconf 31' lang='grc' dir='ltr'><strong><em>ι</em></strong></span> <span class='ocrx_word' id='word_1_65' title='bbox 1355 1207 1357 1212; x_wconf 92' lang='grc'>-</span> 
     </span>
     <span class='ocr_line' id='line_1_9' title="bbox 58 1263 753 1354; baseline 0.004 -24"><span class='ocrx_word' id='word_1_66' title='bbox 58 1268 167 1330; x_wconf 72' lang='lat' dir='ltr'><strong>autem</strong></span> <span class='ocrx_word' id='word_1_67' title='bbox 190 1271 419 1354; x_wconf 81' lang='grc' dir='ltr'>χαρακτῆρα</span> <span class='ocrx_word' id='word_1_68' title='bbox 439 1263 590 1350; x_wconf 87' lang='lat' dir='ltr'><strong>gloriae</strong></span> <span class='ocrx_word' id='word_1_69' title='bbox 613 1264 753 1352; x_wconf 87' lang='lat' dir='ltr'><strong>patris.</strong></span> 
     </span>
    </p>

    <p class='ocr_par' dir='ltr' id='par_1_3' title="bbox 57 1365 1346 1972">
     <span class='ocr_line' id='line_1_10' title="bbox 108 1365 1346 1460; baseline -0.002 -26"><span class='ocrx_word' id='word_1_70' title='bbox 108 1367 174 1444; x_wconf 74' lang='lat' dir='ltr'><strong>Sed</strong></span> <span class='ocrx_word' id='word_1_71' title='bbox 188 1365 346 1434; x_wconf 91' lang='lat' dir='ltr'><strong>nonnulla</strong></span> <span class='ocrx_word' id='word_1_72' title='bbox 360 1389 487 1456; x_wconf 91' lang='lat' dir='ltr'><strong>quoque</strong></span> <span class='ocrx_word' id='word_1_73' title='bbox 500 1370 588 1434; x_wconf 88' lang='lat' dir='ltr'><strong>recte</strong></span> <span class='ocrx_word' id='word_1_74' title='bbox 602 1367 686 1432; x_wconf 87' lang='lat' dir='ltr'><strong>fiunt</strong></span> <span class='ocrx_word' id='word_1_75' title='bbox 697 1369 739 1435; x_wconf 89' lang='lat' dir='ltr'><strong>ab</strong></span> <span class='ocrx_word' id='word_1_76' title='bbox 750 1371 808 1450; x_wconf 87' lang='lat' dir='ltr'><strong>eis,</strong></span> <span class='ocrx_word' id='word_1_77' title='bbox 824 1367 879 1460; x_wconf 92' lang='lat' dir='ltr'><strong>qui</strong></span> <span class='ocrx_word' id='word_1_78' title='bbox 893 1393 958 1438; x_wconf 91' lang='lat' dir='ltr'><strong>non</strong></span> <span class='ocrx_word' id='word_1_79' title='bbox 970 1373 1047 1437; x_wconf 91' lang='lat' dir='ltr'><strong>sunt</strong></span> <span class='ocrx_word' id='word_1_80' title='bbox 1057 1368 1208 1456; x_wconf 79' lang='lat' dir='ltr'><strong>gnostici,</strong></span> <span class='ocrx_word' id='word_1_81' title='bbox 1224 1371 1260 1435; x_wconf 90' lang='lat' dir='ltr'><strong>at</strong></span> <span class='ocrx_word' id='word_1_82' title='bbox 1341 1421 1346 1432; x_wconf 75' lang='grc'>,</span> 
     </span>
     <span class='ocr_line' id='line_1_11' title="bbox 57 1469 1261 1562; baseline 0 -26"><span class='ocrx_word' id='word_1_83' title='bbox 57 1491 118 1536; x_wconf 80' lang='lat' dir='ltr'><strong>vero</strong></span> <span class='ocrx_word' id='word_1_84' title='bbox 132 1493 197 1536; x_wconf 92' lang='lat' dir='ltr'><strong>non</strong></span> <span class='ocrx_word' id='word_1_85' title='bbox 212 1469 333 1535; x_wconf 77' lang='lat' dir='ltr'><strong>rationi</strong></span> <span class='ocrx_word' id='word_1_86' title='bbox 348 1470 574 1535; x_wconf 88' lang='lat' dir='ltr'><strong>convenienter</strong></span> <span class='ocrx_word' id='word_1_87' title='bbox 579 1491 589 1546; x_wconf 83' lang='lat'><em>3</em></span> <span class='ocrx_word' id='word_1_88' title='bbox 610 1469 645 1534; x_wconf 89' lang='lat' dir='ltr'><strong>id</strong></span> <span class='ocrx_word' id='word_1_89' title='bbox 665 1473 751 1560; x_wconf 90' lang='lat' dir='ltr'><strong>quod</strong></span> <span class='ocrx_word' id='word_1_90' title='bbox 764 1473 965 1540; x_wconf 84' lang='lat' dir='ltr'><strong>fortitudinis</strong></span> <span class='ocrx_word' id='word_1_91' title='bbox 974 1495 977 1498; x_wconf 85' lang='lat'>·</span> <span class='ocrx_word' id='word_1_92' title='bbox 986 1473 1132 1562; x_wconf 87' lang='lat' dir='ltr'><strong>exempla</strong></span> <span class='ocrx_word' id='word_1_93' title='bbox 1150 1474 1261 1561; x_wconf 88' lang='lat' dir='ltr'><strong>aperte</strong></span> 
     </span>
     <span class='ocr_line' id='line_1_12' title="bbox 57 1571 1259 1666; baseline 0.002 -31"><span class='ocrx_word' id='word_1_94' title='bbox 57 1571 221 1650; x_wconf 89' lang='lat' dir='ltr'><strong>declarant,</strong></span> <span class='ocrx_word' id='word_1_95' title='bbox 240 1571 332 1637; x_wconf 89' lang='lat' dir='ltr'><strong>cuius</strong></span> <span class='ocrx_word' id='word_1_96' title='bbox 349 1572 487 1659; x_wconf 89' lang='lat' dir='ltr'><strong>speciem</strong></span> <span class='ocrx_word' id='word_1_97' title='bbox 501 1571 594 1638; x_wconf 85' lang='lat' dir='ltr'><strong>facile</strong></span> <span class='ocrx_word' id='word_1_98' title='bbox 609 1595 686 1660; x_wconf 88' lang='lat' dir='ltr'><strong>prae</strong></span> <span class='ocrx_word' id='word_1_99' title='bbox 702 1597 737 1641; x_wconf 87' lang='lat' dir='ltr'><strong>se</strong></span> <span class='ocrx_word' id='word_1_100' title='bbox 750 1577 873 1654; x_wconf 84' lang='lat' dir='ltr'><strong>ferunt,</strong></span> <span class='ocrx_word' id='word_1_101' title='bbox 894 1575 950 1666; x_wconf 91' lang='lat' dir='ltr'><strong>qui</strong></span> <span class='ocrx_word' id='word_1_102' title='bbox 970 1577 1089 1640; x_wconf 91' lang='lat' dir='ltr'><strong>natura</strong></span> <span class='ocrx_word' id='word_1_103' title='bbox 1103 1577 1181 1640; x_wconf 86' lang='lat' dir='ltr'><strong>sunt</strong></span> <span class='ocrx_word' id='word_1_104' title='bbox 1194 1574 1259 1638; x_wconf 91' lang='lat' dir='ltr'><strong>ira·</strong></span> 
     </span>
     <span class='ocr_line' id='line_1_13' title="bbox 58 1671 1260 1769; baseline 0.001 -30"><span class='ocrx_word' id='word_1_105' title='bbox 58 1675 148 1740; x_wconf 91' lang='lat' dir='ltr'><strong>cundi.</strong></span> <span class='ocrx_word' id='word_1_106' title='bbox 194 1675 263 1742; x_wconf 88' lang='lat' dir='ltr'><strong>Sed</strong></span> <span class='ocrx_word' id='word_1_107' title='bbox 277 1673 341 1739; x_wconf 90' lang='lat' dir='ltr'><strong>alia</strong></span> <span class='ocrx_word' id='word_1_108' title='bbox 361 1674 401 1739; x_wconf 93' lang='lat' dir='ltr'><strong>de</strong></span> <span class='ocrx_word' id='word_1_109' title='bbox 415 1696 513 1739; x_wconf 88' lang='lat' dir='ltr'><strong>causa</strong></span> <span class='ocrx_word' id='word_1_110' title='bbox 527 1673 628 1740; x_wconf 87' lang='lat' dir='ltr'><strong>lortes</strong></span> <span class='ocrx_word' id='word_1_111' title='bbox 649 1683 821 1766; x_wconf 83' lang='lat' dir='ltr'><strong>apparent,</strong></span> <span class='ocrx_word' id='word_1_112' title='bbox 843 1675 940 1769; x_wconf 83' lang='lat' dir='ltr'><strong>quam</strong></span> <span class='ocrx_word' id='word_1_113' title='bbox 961 1676 1139 1764; x_wconf 88' lang='lat' dir='ltr'><strong>gnosticus.</strong></span> <span class='ocrx_word' id='word_1_114' title='bbox 1184 1671 1260 1740; x_wconf 85' lang='lat' dir='ltr'><strong>Ca-</strong></span> 
     </span>
     <span class='ocr_line' id='line_1_14' title="bbox 57 1775 1261 1872; baseline 0.002 -32"><span class='ocrx_word' id='word_1_115' title='bbox 57 1777 213 1852; x_wconf 82' lang='lat' dir='ltr'><strong>ritatem¹</strong></span> <span class='ocrx_word' id='word_1_116' title='bbox 232 1777 335 1844; x_wconf 89' lang='lat' dir='ltr'><strong>enim</strong></span> <span class='ocrx_word' id='word_1_117' title='bbox 350 1799 424 1842; x_wconf 89' lang='lat' dir='ltr'><strong>non</strong></span> <span class='ocrx_word' id='word_1_118' title='bbox 439 1775 603 1855; x_wconf 89' lang='lat' dir='ltr'><strong>habent,</strong></span> <span class='ocrx_word' id='word_1_119' title='bbox 627 1777 675 1843; x_wconf 85' lang='lat' dir='ltr'><strong>ait</strong></span> <span class='ocrx_word' id='word_1_120' title='bbox 689 1779 881 1870; x_wconf 84' lang='lat' dir='ltr'><strong>Apostolus,</strong></span> <span class='ocrx_word' id='word_1_121' title='bbox 902 1805 984 1872; x_wconf 87' lang='lat' dir='ltr'><strong>quae</strong></span> <span class='ocrx_word' id='word_1_122' title='bbox 1003 1779 1187 1866; x_wconf 80' lang='lat' dir='ltr'><strong>cognitione</strong></span> <span class='ocrx_word' id='word_1_123' title='bbox 1203 1799 1261 1864; x_wconf 83' lang='lat' dir='ltr'><strong>ge-</strong></span> 
     </span>
     <span class='ocr_line' id='line_1_15' title="bbox 58 1878 1261 1972; baseline 0.002 -30"><span class='ocrx_word' id='word_1_124' title='bbox 58 1884 186 1947; x_wconf 83' lang='lat' dir='ltr'><strong>neratur.</strong></span> <span class='ocrx_word' id='word_1_125' title='bbox 232 1878 346 1972; x_wconf 82' lang='lat' dir='ltr'><strong>Causa</strong></span> <span class='ocrx_word' id='word_1_126' title='bbox 361 1879 500 1969; x_wconf 89' lang='lat' dir='ltr'><strong>quidem,</strong></span> <span class='ocrx_word' id='word_1_127' title='bbox 523 1889 587 1970; x_wconf 85' lang='lat' dir='ltr'><strong>qua</strong></span> <span class='ocrx_word' id='word_1_128' title='bbox 602 1881 643 1945; x_wconf 90' lang='lat' dir='ltr'><strong>ad</strong></span> <span class='ocrx_word' id='word_1_129' title='bbox 658 1885 819 1970; x_wconf 90' lang='lat' dir='ltr'><strong>agendum</strong></span> <span class='ocrx_word' id='word_1_130' title='bbox 834 1905 1009 1961; x_wconf 87' lang='lat' dir='ltr'><strong>movemur,</strong></span> <span class='ocrx_word' id='word_1_131' title='bbox 1030 1880 1167 1948; x_wconf 90' lang='lat' dir='ltr'><strong>actionis</strong></span> <span class='ocrx_word' id='word_1_132' title='bbox 1187 1901 1261 1968; x_wconf 88' lang='lat' dir='ltr'><strong>pre-</strong></span> 
     </span>
    </p>
   </div>
   <div class='ocr_carea' id='block_1_3' title="bbox 58 1981 1372 2074">
    <p class='ocr_par' dir='ltr' id='par_1_4' title="bbox 58 1981 1372 2074">
     <span class='ocr_line' id='line_1_16' title="bbox 58 1981 1372 2074; baseline -0.001 -28"><span class='ocrx_word' id='word_1_133' title='bbox 58 1981 126 2048; x_wconf 90' lang='lat' dir='ltr'><strong>tium</strong></span> <span class='ocrx_word' id='word_1_134' title='bbox 137 1983 303 2060; x_wconf 87' lang='lat' dir='ltr'><strong>metimur,</strong></span> <span class='ocrx_word' id='word_1_135' title='bbox 319 2003 383 2047; x_wconf 92' lang='lat' dir='ltr'><strong>non</strong></span> <span class='ocrx_word' id='word_1_136' title='bbox 394 1982 511 2046; x_wconf 81' lang='lat' dir='ltr'><strong>effectu</strong></span> <span class='ocrx_word' id='word_1_137' title='bbox 522 1985 664 2049; x_wconf 88' lang='lat' dir='ltr'><strong>externo.</strong></span> <span class='ocrx_word' id='word_1_138' title='bbox 695 1984 804 2067; x_wconf 82' lang='lat' dir='ltr'><strong>Quare</strong></span> <span class='ocrx_word' id='word_1_139' title='bbox 819 1987 959 2074; x_wconf 85' lang='lat' dir='ltr'><strong>gnostici</strong></span> <span class='ocrx_word' id='word_1_140' title='bbox 973 1985 1086 2072; x_wconf 88' lang='lat' dir='ltr'><strong>religio</strong></span> <span class='ocrx_word' id='word_1_141' title='bbox 1101 1983 1143 2048; x_wconf 90' lang='lat' dir='ltr'><strong>ad</strong></span> <span class='ocrx_word' id='word_1_142' title='bbox 1158 1985 1262 2047; x_wconf 91' lang='lat' dir='ltr'><strong>totam</strong></span> <span class='ocrx_word' id='word_1_143' title='bbox 1369 2048 1372 2060; x_wconf 28' lang='lat'><strong>¹</strong></span> 
     </span>
    </p>
   </div>
   <div class='ocr_carea' id='block_1_4' title="bbox 29 2083 1333 4325">
    <p class='ocr_par' dir='ltr' id='par_1_5' title="bbox 29 2083 1333 4325">
     <span class='ocr_line' id='line_1_17' title="bbox 58 2083 1262 2174; baseline 0.002 -26"><span class='ocrx_word' id='word_1_144' title='bbox 58 2083 145 2150; x_wconf 79' lang='lat' dir='ltr'><strong>uitam</strong></span> <span class='ocrx_word' id='word_1_145' title='bbox 159 2083 479 2166; x_wconf 21' lang='lat' dir='ltr'><strong>valetkformandam.</strong></span> <span class='ocrx_word' id='word_1_146' title='bbox 523 2083 635 2152; x_wconf 88' lang='lat' dir='ltr'><strong>Vitam</strong></span> <span class='ocrx_word' id='word_1_147' title='bbox 656 2086 758 2171; x_wconf 89' lang='lat' dir='ltr'><strong>igitur</strong></span> <span class='ocrx_word' id='word_1_148' title='bbox 772 2090 913 2174; x_wconf 87' lang='lat' dir='ltr'><strong>gnostici</strong></span> <span class='ocrx_word' id='word_1_149' title='bbox 927 2109 1012 2154; x_wconf 89' lang='lat' dir='ltr'><strong>nunc</strong></span> <span class='ocrx_word' id='word_1_150' title='bbox 1025 2085 1245 2153; x_wconf 86' lang='lat' dir='ltr'><strong>describamus</strong></span> <span class='ocrx_word' id='word_1_151' title='bbox 1253 2107 1262 2160; x_wconf 91' lang='lat'>;</span> 
     </span>
     <span class='ocr_line' id='line_1_18' title="bbox 58 2185 1135 2281; baseline 0.007 -32"><span class='ocrx_word' id='word_1_152' title='bbox 58 2185 236 2275; x_wconf 84' lang='lat' dir='ltr'><strong>dogmatum</strong></span> <span class='ocrx_word' id='word_1_153' title='bbox 252 2211 328 2254; x_wconf 88' lang='lat' dir='ltr'><strong>vero</strong></span> <span class='ocrx_word' id='word_1_154' title='bbox 343 2187 475 2274; x_wconf 78' lang='grc' dir='ltr'>θεωρίαν</span> <span class='ocrx_word' id='word_1_155' title='bbox 491 2193 615 2281; x_wconf 89' lang='lat' dir='ltr'><strong>postea,</strong></span> <span class='ocrx_word' id='word_1_156' title='bbox 631 2189 775 2278; x_wconf 87' lang='lat' dir='ltr'><strong>tempore</strong></span> <span class='ocrx_word' id='word_1_157' title='bbox 787 2194 978 2281; x_wconf 90' lang='lat' dir='ltr'><strong>opportuno.</strong></span> <span class='ocrx_word' id='word_1_158' title='bbox 1134 2199 1135 2208; x_wconf 78' lang='grc'>’</span> 
     </span>
     <span class='ocr_line' id='line_1_19' title="bbox 110 2287 1263 2394; baseline -0.004 -37"><span class='ocrx_word' id='word_1_159' title='bbox 110 2289 275 2357; x_wconf 87' lang='lat' dir='ltr'><strong>Universa</strong></span> <span class='ocrx_word' id='word_1_160' title='bbox 289 2289 341 2356; x_wconf 86' lang='lat' dir='ltr'><strong>hic&#39;</strong></span> <span class='ocrx_word' id='word_1_161' title='bbox 354 2289 466 2375; x_wconf 88' lang='lat' dir='ltr'><strong>igitur,</strong></span> <span class='ocrx_word' id='word_1_162' title='bbox 481 2293 520 2354; x_wconf 87' lang='lat' dir='ltr'><strong>ut</strong></span> <span class='ocrx_word' id='word_1_163' title='bbox 534 2291 590 2386; x_wconf 83' lang='lat' dir='ltr'><strong>qui</strong></span> <span class='ocrx_word' id='word_1_164' title='bbox 604 2291 713 2357; x_wconf 86' lang='lat' dir='ltr'><strong>divina</strong></span> <span class='ocrx_word' id='word_1_165' title='bbox 724 2291 862 2360; x_wconf 89' lang='lat' dir='ltr'><strong>donatus</strong></span> <span class='ocrx_word' id='word_1_166' title='bbox 876 2294 920 2360; x_wconf 90' lang='lat' dir='ltr'><strong>sit</strong></span> <span class='ocrx_word' id='word_1_167' title='bbox 929 2291 1109 2380; x_wconf 88' lang='lat' dir='ltr'><strong>disciplina,</strong></span> <span class='ocrx_word' id='word_1_168' title='bbox 1124 2287 1263 2394; x_wconf 78' lang='lat' dir='ltr'><strong>perqipit</strong></span> 
     </span>
     <span class='ocr_line' id='line_1_20' title="bbox 59 2391 1262 2482; baseline 0.001 -29"><span class='ocrx_word' id='word_1_169' title='bbox 59 2411 121 2457; x_wconf 80' lang='lat' dir='ltr'><strong>vere</strong></span> <span class='ocrx_word' id='word_1_170' title='bbox 145 2398 180 2460; x_wconf 93' lang='lat' dir='ltr'><strong>et</strong></span> <span class='ocrx_word' id='word_1_171' title='bbox 205 2391 467 2482; x_wconf 72' lang='lat' dir='ltr'><strong>magnificenter.</strong></span> <span class='ocrx_word' id='word_1_172' title='bbox 502 2391 535 2456; x_wconf 90' lang='lat' dir='ltr'>A</span> <span class='ocrx_word' id='word_1_173' title='bbox 561 2413 668 2458; x_wconf 90' lang='lat' dir='ltr'><strong>rerum</strong></span> <span class='ocrx_word' id='word_1_174' title='bbox 688 2397 868 2461; x_wconf 89' lang='lat' dir='ltr'><strong>creatarum</strong></span> <span class='ocrx_word' id='word_1_175' title='bbox 889 2394 1099 2461; x_wconf 86' lang='lat' dir='ltr'><strong>admiratione</strong></span> <span class='ocrx_word' id='word_1_176' title='bbox 1116 2391 1262 2466; x_wconf 83' lang='lat' dir='ltr'><strong>inchoat3</strong></span> 
     </span>
     <span class='ocr_line' id='line_1_21' title="bbox 59 2489 1315 2586; baseline 0.002 -33"><span class='ocrx_word' id='word_1_177' title='bbox 59 2489 89 2556; x_wconf 86' lang='lat' dir='ltr'><strong>fit</strong></span> <span class='ocrx_word' id='word_1_178' title='bbox 102 2493 234 2562; x_wconf 90' lang='lat' dir='ltr'><strong>Domini</strong></span> <span class='ocrx_word' id='word_1_179' title='bbox 256 2493 444 2582; x_wconf 86' lang='lat' dir='ltr'><strong>discipulus.</strong></span> <span class='ocrx_word' id='word_1_180' title='bbox 489 2492 692 2586; x_wconf 86' lang='lat' dir='ltr'><strong>Simulatque</strong></span> <span class='ocrx_word' id='word_1_181' title='bbox 707 2501 815 2564; x_wconf 89' lang='lat' dir='ltr'><strong>autem</strong></span> <span class='ocrx_word' id='word_1_182' title='bbox 831 2499 871 2564; x_wconf 93' lang='lat' dir='ltr'><strong>de</strong></span> <span class='ocrx_word' id='word_1_183' title='bbox 891 2499 952 2563; x_wconf 86' lang='lat' dir='ltr'><strong>deo</strong></span> <span class='ocrx_word' id='word_1_184' title='bbox 972 2496 1083 2562; x_wconf 87' lang='lat' dir='ltr'><strong>audire</strong></span> <span class='ocrx_word' id='word_1_185' title='bbox 1102 2493 1209 2584; x_wconf 90' lang='lat' dir='ltr'><strong>coepit</strong></span> <span class='ocrx_word' id='word_1_186' title='bbox 1228 2495 1263 2557; x_wconf 92' lang='lat' dir='ltr'><strong>et</strong></span> <span class='ocrx_word' id='word_1_187' title='bbox 1310 2509 1315 2526; x_wconf 79' lang='lat'><strong><em>¹</em></strong></span> 
     </span>
     <span class='ocr_line' id='line_1_22' title="bbox 59 2589 1274 2686; baseline 0 -28"><span class='ocrx_word' id='word_1_188' title='bbox 59 2591 90 2658; x_wconf 88' lang='lat' dir='ltr'><strong>de</strong></span> <span class='ocrx_word' id='word_1_189' title='bbox 107 2597 322 2684; x_wconf 86' lang='lat' dir='ltr'><strong>providentia,</strong></span> <span class='ocrx_word' id='word_1_190' title='bbox 339 2589 456 2662; x_wconf 87' lang='lat' dir='ltr'><strong>&#39;credit</strong></span> <span class='ocrx_word' id='word_1_191' title='bbox 481 2619 521 2662; x_wconf 89' lang='lat' dir='ltr'><strong>ex</strong></span> <span class='ocrx_word' id='word_1_192' title='bbox 547 2595 606 2674; x_wconf 89' lang='lat' dir='ltr'><strong>eis,</strong></span> <span class='ocrx_word' id='word_1_193' title='bbox 637 2621 719 2686; x_wconf 91' lang='lat' dir='ltr'><strong>quae</strong></span> <span class='ocrx_word' id='word_1_194' title='bbox 744 2599 923 2666; x_wconf 89' lang='lat' dir='ltr'><strong>admiratus</strong></span> <span class='ocrx_word' id='word_1_195' title='bbox 950 2603 1011 2666; x_wconf 88' lang='lat' dir='ltr'><strong>est.</strong></span> <span class='ocrx_word' id='word_1_196' title='bbox 1055 2594 1274 2678; x_wconf 25' lang='lat' dir='ltr'><strong>Desiderium,</strong></span> 
     </span>
     <span class='ocr_line' id='line_1_23' title="bbox 59 2698 1333 2788; baseline -0.002 -26"><span class='ocrx_word' id='word_1_197' title='bbox 59 2699 155 2772; x_wconf 80' lang='lat' dir='ltr'><strong>autem</strong></span> <span class='ocrx_word' id='word_1_198' title='bbox 171 2698 388 2788; x_wconf 84' lang='lat' dir='ltr'><strong>cognoscendi</strong></span> <span class='ocrx_word' id='word_1_199' title='bbox 401 2698 548 2784; x_wconf 86' lang='lat' dir='ltr'><strong>sequitur</strong></span> <span class='ocrx_word' id='word_1_200' title='bbox 567 2699 735 2788; x_wconf 85' lang='lat' dir='ltr'><strong>inquisitio</strong></span> <span class='ocrx_word' id='word_1_201' title='bbox 741 2725 750 2778; x_wconf 92' lang='lat'>;</span> <span class='ocrx_word' id='word_1_202' title='bbox 774 2723 838 2788; x_wconf 87' lang='lat' dir='ltr'><strong>qua</strong></span> <span class='ocrx_word' id='word_1_203' title='bbox 852 2701 970 2788; x_wconf 85' lang='lat' dir='ltr'><strong>dignus</strong></span> <span class='ocrx_word' id='word_1_204' title='bbox 990 2699 1031 2766; x_wconf 83' lang='lat' dir='ltr'><strong>fit&#39;</strong></span> <span class='ocrx_word' id='word_1_205' title='bbox 1042 2700 1102 2765; x_wconf 89' lang='lat' dir='ltr'><strong>tali</strong></span> <span class='ocrx_word' id='word_1_206' title='bbox 1117 2720 1154 2764; x_wconf 91' lang='lat' dir='ltr'><strong>ac</strong></span> <span class='ocrx_word' id='word_1_207' title='bbox 1168 2699 1264 2762; x_wconf 87' lang='lat' dir='ltr'><strong>tanta</strong></span> <span class='ocrx_word' id='word_1_208' title='bbox 1329 2705 1333 2710; x_wconf 82' lang='grc'><strong>“</strong></span> 
     </span>
     <span class='ocr_line' id='line_1_24' title="bbox 54 2801 1264 2898; baseline -0.002 -33"><span class='ocrx_word' id='word_1_209' title='bbox 54 2803 330 2893; x_wconf 76' lang='lat' dir='ltr'><strong>contemplatione.</strong></span> <span class='ocrx_word' id='word_1_210' title='bbox 374 2801 491 2894; x_wconf 86' lang='lat' dir='ltr'><strong>Itaque</strong></span> <span class='ocrx_word' id='word_1_211' title='bbox 516 2801 665 2887; x_wconf 88' lang='lat' dir='ltr'><strong>gustabit</strong></span> <span class='ocrx_word' id='word_1_212' title='bbox 691 2803 859 2898; x_wconf 81' lang='lat' dir='ltr'><strong>gnosticus</strong></span> <span class='ocrx_word' id='word_1_213' title='bbox 886 2805 937 2868; x_wconf 89' lang='lat' dir='ltr'><strong>dei</strong></span> <span class='ocrx_word' id='word_1_214' title='bbox 960 2803 1177 2877; x_wconf 70' lang='lat' dir='ltr'><strong>voluntatem</strong></span> <span class='ocrx_word' id='word_1_215' title='bbox 1199 2813 1264 2864; x_wconf 89' lang='lat' dir='ltr'><strong>non</strong></span> 
     </span>
     <span class='ocr_line' id='line_1_25' title="bbox 60 2901 1263 2994; baseline 0 -28"><span class='ocrx_word' id='word_1_216' title='bbox 60 2901 132 2970; x_wconf 86' lang='lat' dir='ltr'><strong>enim</strong></span> <span class='ocrx_word' id='word_1_217' title='bbox 148 2929 244 2972; x_wconf 91' lang='lat' dir='ltr'><strong>aures</strong></span> <span class='ocrx_word' id='word_1_218' title='bbox 260 2904 405 2994; x_wconf 89' lang='lat' dir='ltr'><strong>praebet,</strong></span> <span class='ocrx_word' id='word_1_219' title='bbox 428 2902 484 2970; x_wconf 88' lang='lat' dir='ltr'><strong>sed</strong></span> <span class='ocrx_word' id='word_1_220' title='bbox 500 2903 639 2967; x_wconf 87' lang='lat' dir='ltr'><strong>animam</strong></span> <span class='ocrx_word' id='word_1_221' title='bbox 654 2903 717 2981; x_wconf 86' lang='lat' dir='ltr'><strong>eis,</strong></span> <span class='ocrx_word' id='word_1_222' title='bbox 741 2916 823 2989; x_wconf 78' lang='lat' dir='ltr'><strong>quae</strong></span> <span class='ocrx_word' id='word_1_223' title='bbox 842 2905 937 2972; x_wconf 85' lang='lat' dir='ltr'><strong>dictis</strong></span> <span class='ocrx_word' id='word_1_224' title='bbox 957 2903 1191 2992; x_wconf 84' lang='lat' dir='ltr'><strong>significantur,</strong></span> <span class='ocrx_word' id='word_1_225' title='bbox 1212 2922 1263 2966; x_wconf 91' lang='lat' dir='ltr'><strong>re-</strong></span> 
     </span>
     <span class='ocr_line' id='line_1_26' title="bbox 59 2999 1262 3094; baseline -0.002 -26"><span class='ocrx_word' id='word_1_226' title='bbox 59 2999 121 3072; x_wconf 90' lang='lat' dir='ltr'><strong>bus.</strong></span> <span class='ocrx_word' id='word_1_227' title='bbox 164 3008 277 3092; x_wconf 81' lang='lat' dir='ltr'><strong>Quum</strong></span> <span class='ocrx_word' id='word_1_228' title='bbox 297 3009 405 3072; x_wconf 88' lang='lat' dir='ltr'><strong>autem</strong></span> <span class='ocrx_word' id='word_1_229' title='bbox 421 3004 510 3092; x_wconf 88' lang='lat' dir='ltr'><strong>ipsas</strong></span> <span class='ocrx_word' id='word_1_230' title='bbox 525 3025 632 3070; x_wconf 89' lang='lat' dir='ltr'><strong>rerum</strong></span> <span class='ocrx_word' id='word_1_231' title='bbox 644 3006 807 3072; x_wconf 87' lang='lat' dir='ltr'><strong>essentias</strong></span> <span class='ocrx_word' id='word_1_232' title='bbox 823 3007 929 3073; x_wconf 85' lang='lat' dir='ltr'><strong>verbis</strong></span> <span class='ocrx_word' id='word_1_233' title='bbox 945 3004 1121 3094; x_wconf 81' lang='lat' dir='ltr'><strong>acceperit,</strong></span> <span class='ocrx_word' id='word_1_234' title='bbox 1147 3002 1262 3068; x_wconf 87' lang='lat' dir='ltr'><strong>merito</strong></span> 
     </span>
     <span class='ocr_line' id='line_1_27' title="bbox 29 3095 1264 3202; baseline 0.002 -34"><span class='ocrx_word' id='word_1_235' title='bbox 29 3095 32 3104; x_wconf 77' lang='grc'><strong>’</strong></span> <span class='ocrx_word' id='word_1_236' title='bbox 60 3116 224 3199; x_wconf 88' lang='lat' dir='ltr'><strong>praecepta</strong></span> <span class='ocrx_word' id='word_1_237' title='bbox 253 3131 391 3202; x_wconf 89' lang='lat' dir='ltr'><strong>quoque,</strong></span> <span class='ocrx_word' id='word_1_238' title='bbox 422 3107 512 3173; x_wconf 89' lang='lat' dir='ltr'><strong>velut</strong></span> <span class='ocrx_word' id='word_1_239' title='bbox 538 3107 635 3172; x_wconf 88' lang='lat' dir='ltr'><strong>illud:</strong></span> <span class='ocrx_word' id='word_1_240' title='bbox 671 3107 756 3173; x_wconf 92' lang='lat' dir='ltr'><strong>Non</strong></span> <span class='ocrx_word' id='word_1_241' title='bbox 784 3109 1072 3185; x_wconf 88' lang='lat' dir='ltr'><strong>moechaberis,</strong></span> <span class='ocrx_word' id='word_1_242' title='bbox 1108 3105 1264 3191; x_wconf 86' lang='lat' dir='ltr'><strong>intelligit</strong></span> 
     </span>
     <span class='ocr_line' id='line_1_28' title="bbox 61 3201 1262 3298; baseline 0.001 -27"><span class='ocrx_word' id='word_1_243' title='bbox 61 3223 233 3288; x_wconf 75' lang='grc' dir='ltr'><strong>γνωστικῶς.</strong></span> <span class='ocrx_word' id='word_1_244' title='bbox 278 3213 368 3278; x_wconf 88' lang='lat' dir='ltr'><strong>Dum</strong></span> <span class='ocrx_word' id='word_1_245' title='bbox 382 3233 459 3277; x_wconf 86' lang='lat' dir='ltr'><strong>vero</strong></span> <span class='ocrx_word' id='word_1_246' title='bbox 480 3209 595 3274; x_wconf 89' lang='lat' dir='ltr'><strong>scienti</strong></span> <span class='ocrx_word' id='word_1_247' title='bbox 610 3209 881 3298; x_wconf 88' lang='lat' dir='ltr'><strong>contemplatione</strong></span> <span class='ocrx_word' id='word_1_248' title='bbox 894 3201 968 3284; x_wconf 78' lang='lat' dir='ltr'><strong>sese</strong></span> <span class='ocrx_word' id='word_1_249' title='bbox 982 3231 1129 3276; x_wconf 86' lang='lat' dir='ltr'><strong>exercere</strong></span> <span class='ocrx_word' id='word_1_250' title='bbox 1144 3207 1262 3297; x_wconf 84' lang='lat' dir='ltr'><strong>pergit,</strong></span> 
     </span>
     <span class='ocr_line' id='line_1_29' title="bbox 60 3307 1263 3400; baseline 0 -28"><span class='ocrx_word' id='word_1_251' title='bbox 60 3312 217 3391; x_wconf 82' lang='lat' dir='ltr'><strong>paullatim</strong></span> <span class='ocrx_word' id='word_1_252' title='bbox 230 3313 320 3380; x_wconf 87' lang='lat' dir='ltr'><strong>ineis</strong></span> <span class='ocrx_word' id='word_1_253' title='bbox 332 3315 430 3380; x_wconf 85' lang='lat' dir='ltr'><strong>etiam</strong></span> <span class='ocrx_word' id='word_1_254' title='bbox 442 3311 563 3378; x_wconf 80' lang='lat' dir='ltr'><strong>versari</strong></span> <span class='ocrx_word' id='word_1_255' title='bbox 572 3310 716 3400; x_wconf 89' lang='lat' dir='ltr'><strong>incipiet,</strong></span> <span class='ocrx_word' id='word_1_256' title='bbox 729 3333 810 3398; x_wconf 91' lang='lat' dir='ltr'><strong>quae</strong></span> <span class='ocrx_word' id='word_1_257' title='bbox 821 3313 925 3399; x_wconf 88' lang='lat' dir='ltr'><strong>magis</strong></span> <span class='ocrx_word' id='word_1_258' title='bbox 932 3313 1081 3379; x_wconf 88' lang='lat' dir='ltr'><strong>universe</strong></span> <span class='ocrx_word' id='word_1_259' title='bbox 1092 3313 1127 3376; x_wconf 92' lang='lat' dir='ltr'><strong>et</strong></span> <span class='ocrx_word' id='word_1_260' title='bbox 1136 3307 1263 3395; x_wconf 85' lang='lat' dir='ltr'><strong>magni-</strong></span> 
     </span>
     <span class='ocr_line' id='line_1_30' title="bbox 61 3403 1264 3503; baseline 0.002 -29"><span class='ocrx_word' id='word_1_261' title='bbox 61 3407 198 3484; x_wconf 86' lang='lat' dir='ltr'><strong>ficentius</strong></span> <span class='ocrx_word' id='word_1_262' title='bbox 213 3418 302 3484; x_wconf 89' lang='lat' dir='ltr'><strong>dicta</strong></span> <span class='ocrx_word' id='word_1_263' title='bbox 318 3419 404 3482; x_wconf 87' lang='lat' dir='ltr'><strong>sunt.</strong></span> <span class='ocrx_word' id='word_1_264' title='bbox 449 3415 520 3482; x_wconf 88' lang='lat' dir='ltr'><strong>Scit</strong></span> <span class='ocrx_word' id='word_1_265' title='bbox 534 3415 618 3480; x_wconf 89' lang='lat' dir='ltr'><strong>enim</strong></span> <span class='ocrx_word' id='word_1_266' title='bbox 634 3414 725 3491; x_wconf 90' lang='lat' dir='ltr'><strong>bene,</strong></span> <span class='ocrx_word' id='word_1_267' title='bbox 741 3403 825 3494; x_wconf 82' lang='lat' dir='ltr'><strong>eum,</strong></span> <span class='ocrx_word' id='word_1_268' title='bbox 848 3415 915 3503; x_wconf 89' lang='lat' dir='ltr'><strong>qui</strong></span> <span class='ocrx_word' id='word_1_269' title='bbox 937 3414 1052 3480; x_wconf 88' lang='lat' dir='ltr'><strong>docet</strong></span> <span class='ocrx_word' id='word_1_270' title='bbox 1072 3411 1264 3480; x_wconf 91' lang='lat' dir='ltr'><strong>hominem</strong></span> 
     </span>
     <span class='ocr_line' id='line_1_31' title="bbox 63 3515 1264 3607; baseline 0 -29"><span class='ocrx_word' id='word_1_271' title='bbox 63 3515 280 3596; x_wconf 78' lang='lat' dir='ltr'><strong>scientiam,</strong></span> <span class='ocrx_word' id='word_1_272' title='bbox 304 3517 482 3584; x_wconf 88' lang='lat' dir='ltr'><strong>Dominum</strong></span> <span class='ocrx_word' id='word_1_273' title='bbox 497 3539 584 3595; x_wconf 88' lang='lat' dir='ltr'><strong>esse,</strong></span> <span class='ocrx_word' id='word_1_274' title='bbox 604 3539 662 3607; x_wconf 91' lang='lat' dir='ltr'><strong>per</strong></span> <span class='ocrx_word' id='word_1_275' title='bbox 676 3541 712 3584; x_wconf 92' lang='lat' dir='ltr'><strong>os</strong></span> <span class='ocrx_word' id='word_1_276' title='bbox 727 3515 865 3586; x_wconf 90' lang='lat' dir='ltr'><strong>hominis</strong></span> <span class='ocrx_word' id='word_1_277' title='bbox 879 3520 1079 3605; x_wconf 89' lang='lat' dir='ltr'><strong>loquentem,</strong></span> <span class='ocrx_word' id='word_1_278' title='bbox 1099 3515 1155 3602; x_wconf 91' lang='lat' dir='ltr'><strong>qui</strong></span> <span class='ocrx_word' id='word_1_279' title='bbox 1168 3515 1264 3580; x_wconf 90' lang='lat' dir='ltr'><strong>huius</strong></span> 
     </span>
     <span class='ocr_line' id='line_1_32' title="bbox 61 3616 1265 3708; baseline 0.004 -33"><span class='ocrx_word' id='word_1_280' title='bbox 61 3616 101 3680; x_wconf 90' lang='lat' dir='ltr'><strong>rei</strong></span> <span class='ocrx_word' id='word_1_281' title='bbox 114 3641 210 3689; x_wconf 89' lang='lat' dir='ltr'><strong>causa</strong></span> <span class='ocrx_word' id='word_1_282' title='bbox 231 3623 330 3689; x_wconf 90' lang='lat' dir='ltr'><strong>etiam</strong></span> <span class='ocrx_word' id='word_1_283' title='bbox 349 3629 478 3686; x_wconf 75' lang='lat' dir='ltr'><strong>carnem</strong></span> <span class='ocrx_word' id='word_1_284' title='bbox 499 3619 669 3708; x_wconf 88' lang='lat' dir='ltr'><strong>acceperit.</strong></span> <span class='ocrx_word' id='word_1_285' title='bbox 718 3621 893 3708; x_wconf 90' lang='lat' dir='ltr'><strong>Nunquam</strong></span> <span class='ocrx_word' id='word_1_286' title='bbox 910 3621 1013 3708; x_wconf 86' lang='lat' dir='ltr'><strong>igitur</strong></span> <span class='ocrx_word' id='word_1_287' title='bbox 1029 3617 1104 3684; x_wconf 92' lang='lat' dir='ltr'><strong>utili</strong></span> <span class='ocrx_word' id='word_1_288' title='bbox 1123 3616 1265 3706; x_wconf 86' lang='lat' dir='ltr'><strong>praefert</strong></span> 
     </span>
     <span class='ocr_line' id='line_1_33' title="bbox 61 3711 1264 3814; baseline 0.001 -34"><span class='ocrx_word' id='word_1_289' title='bbox 61 3711 242 3804; x_wconf 84' lang='lat' dir='ltr'><strong>iucundum3</strong></span> <span class='ocrx_word' id='word_1_290' title='bbox 265 3723 417 3814; x_wconf 89' lang='lat' dir='ltr'><strong>peccandi</strong></span> <span class='ocrx_word' id='word_1_291' title='bbox 433 3723 558 3788; x_wconf 87' lang='lat' dir='ltr'><strong>occasio</strong></span> <span class='ocrx_word' id='word_1_292' title='bbox 573 3745 646 3787; x_wconf 92' lang='lat' dir='ltr'><strong>eum</strong></span> <span class='ocrx_word' id='word_1_293' title='bbox 666 3747 730 3790; x_wconf 92' lang='lat' dir='ltr'><strong>non</strong></span> <span class='ocrx_word' id='word_1_294' title='bbox 749 3725 866 3802; x_wconf 85' lang='lat' dir='ltr'><strong>vincit3</strong></span> <span class='ocrx_word' id='word_1_295' title='bbox 890 3723 1014 3788; x_wconf 83' lang='lat' dir='ltr'><strong>amittit</strong></span> <span class='ocrx_word' id='word_1_296' title='bbox 1032 3721 1144 3810; x_wconf 92' lang='lat' dir='ltr'><strong>potius</strong></span> <span class='ocrx_word' id='word_1_297' title='bbox 1164 3717 1264 3784; x_wconf 88' lang='lat' dir='ltr'><strong>vesti-</strong></span> 
     </span>
     <span class='ocr_line' id='line_1_34' title="bbox 62 3821 1263 3914; baseline -0.002 -26"><span class='ocrx_word' id='word_1_298' title='bbox 62 3827 195 3894; x_wconf 85' lang='lat' dir='ltr'><strong>mentum</strong></span> <span class='ocrx_word' id='word_1_299' title='bbox 211 3830 390 3904; x_wconf 90' lang='lat' dir='ltr'><strong>externum,</strong></span> <span class='ocrx_word' id='word_1_300' title='bbox 405 3825 542 3892; x_wconf 83' lang='lat' dir='ltr'><strong>utvelut</strong></span> <span class='ocrx_word' id='word_1_301' title='bbox 555 3824 681 3914; x_wconf 75' lang='lat' dir='ltr'><strong>loseph</strong></span> <span class='ocrx_word' id='word_1_302' title='bbox 700 3827 735 3892; x_wconf 93' lang='lat' dir='ltr'><strong>in</strong></span> <span class='ocrx_word' id='word_1_303' title='bbox 751 3829 907 3914; x_wconf 85' lang='lat' dir='ltr'><strong>Aegypto</strong></span> <span class='ocrx_word' id='word_1_304' title='bbox 926 3825 1066 3891; x_wconf 89' lang='lat' dir='ltr'><strong>retineat</strong></span> <span class='ocrx_word' id='word_1_305' title='bbox 1084 3821 1263 3889; x_wconf 90' lang='lat' dir='ltr'><strong>honestatis</strong></span> 
     </span>
     <span class='ocr_line' id='line_1_35' title="bbox 63 3922 1265 4016; baseline -0.001 -28"><span class='ocrx_word' id='word_1_306' title='bbox 63 3933 284 4004; x_wconf 85' lang='lat' dir='ltr'><strong>ornamentum.</strong></span> <span class='ocrx_word' id='word_1_307' title='bbox 329 3927 445 3994; x_wconf 92' lang='lat' dir='ltr'><strong>Morbo</strong></span> <span class='ocrx_word' id='word_1_308' title='bbox 460 3927 642 4006; x_wconf 90' lang='lat' dir='ltr'><strong>accidente,</strong></span> <span class='ocrx_word' id='word_1_309' title='bbox 663 3928 714 3994; x_wconf 84' lang='lat' dir='ltr'><strong>vel</strong></span> <span class='ocrx_word' id='word_1_310' title='bbox 725 3929 797 4016; x_wconf 85' lang='lat' dir='ltr'><strong>ipsa</strong></span> <span class='ocrx_word' id='word_1_311' title='bbox 812 3932 916 3993; x_wconf 86' lang='lat' dir='ltr'><strong>morte</strong></span> <span class='ocrx_word' id='word_1_312' title='bbox 929 3922 1131 4002; x_wconf 88' lang='lat' dir='ltr'><strong>imminente,</strong></span> <span class='ocrx_word' id='word_1_313' title='bbox 1144 3924 1265 3989; x_wconf 83' lang='lat' dir='ltr'><strong>manet</strong></span> 
     </span>
     <span class='ocr_line' id='line_1_36' title="bbox 64 4025 1264 4122; baseline 0.005 -37"><span class='ocrx_word' id='word_1_314' title='bbox 64 4025 159 4096; x_wconf 87' lang='lat' dir='ltr'><strong>animo</strong></span> <span class='ocrx_word' id='word_1_315' title='bbox 173 4031 357 4122; x_wconf 86' lang='lat' dir='ltr'><strong>tranquillo.</strong></span> <span class='ocrx_word' id='word_1_316' title='bbox 391 4030 632 4097; x_wconf 84' lang='lat' dir='ltr'><strong>Providentiam</strong></span> <span class='ocrx_word' id='word_1_317' title='bbox 650 4030 736 4098; x_wconf 86' lang='lat' dir='ltr'><strong>enirn</strong></span> <span class='ocrx_word' id='word_1_318' title='bbox 752 4030 901 4118; x_wconf 87' lang='lat' dir='ltr'><strong>agnoscit</strong></span> <span class='ocrx_word' id='word_1_319' title='bbox 915 4029 949 4093; x_wconf 94' lang='lat' dir='ltr'><strong>in</strong></span> <span class='ocrx_word' id='word_1_320' title='bbox 964 4027 1121 4094; x_wconf 89' lang='lat' dir='ltr'><strong>omnibus.</strong></span> <span class='ocrx_word' id='word_1_321' title='bbox 1153 4026 1264 4092; x_wconf 88' lang='lat' dir='ltr'><strong>Rebus</strong></span> 
     </span>
     <span class='ocr_line' id='line_1_37' title="bbox 64 4129 1265 4223; baseline -0.002 -28"><span class='ocrx_word' id='word_1_322' title='bbox 64 4129 161 4198; x_wconf 69' lang='lat' dir='ltr'><strong>autem</strong></span> <span class='ocrx_word' id='word_1_323' title='bbox 176 4135 292 4201; x_wconf 88' lang='lat' dir='ltr'><strong>creatis</strong></span> <span class='ocrx_word' id='word_1_324' title='bbox 307 4137 420 4211; x_wconf 89' lang='lat' dir='ltr'><strong>utens,</strong></span> <span class='ocrx_word' id='word_1_325' title='bbox 447 4133 575 4223; x_wconf 88' lang='lat' dir='ltr'><strong>quando</strong></span> <span class='ocrx_word' id='word_1_326' title='bbox 600 4137 634 4199; x_wconf 89' lang='lat' dir='ltr'><strong>ct</strong></span> <span class='ocrx_word' id='word_1_327' title='bbox 661 4137 818 4218; x_wconf 88' lang='lat' dir='ltr'><strong>quantum</strong></span> <span class='ocrx_word' id='word_1_328' title='bbox 838 4133 925 4198; x_wconf 90' lang='lat' dir='ltr'><strong>dicet</strong></span> <span class='ocrx_word' id='word_1_329' title='bbox 944 4131 1070 4216; x_wconf 89' lang='lat' dir='ltr'><strong>Logos,</strong></span> <span class='ocrx_word' id='word_1_330' title='bbox 1100 4149 1265 4214; x_wconf 80' lang='lat' dir='ltr'><strong>agensque</strong></span> 
     </span>
     <span class='ocr_line' id='line_1_38' title="bbox 65 4229 1265 4325; baseline -0.002 -30"><span class='ocrx_word' id='word_1_331' title='bbox 65 4235 190 4302; x_wconf 79' lang='lat' dir='ltr'><strong>creatori</strong></span> <span class='ocrx_word' id='word_1_332' title='bbox 201 4238 340 4324; x_wconf 87' lang='lat' dir='ltr'><strong>gratias,</strong></span> <span class='ocrx_word' id='word_1_333' title='bbox 360 4235 539 4325; x_wconf 84' lang='lat' dir='ltr'><strong>voluptatis</strong></span> <span class='ocrx_word' id='word_1_334' title='bbox 561 4257 672 4302; x_wconf 87' lang='lat' dir='ltr'><strong>earum</strong></span> <span class='ocrx_word' id='word_1_335' title='bbox 691 4235 731 4300; x_wconf 88' lang='lat' dir='ltr'><strong>fit</strong></span> <span class='ocrx_word' id='word_1_336' title='bbox 749 4234 921 4316; x_wconf 86' lang='lat' dir='ltr'><strong>Dominus.</strong></span> <span class='ocrx_word' id='word_1_337' title='bbox 963 4233 1136 4317; x_wconf 80' lang='lat' dir='ltr'><strong>Nunquam</strong></span> <span class='ocrx_word' id='word_1_338' title='bbox 1154 4229 1265 4294; x_wconf 82' lang='lat' dir='ltr'><strong>illatae</strong></span> 
     </span>
    </p>
   </div>
   <div class='ocr_carea' id='block_1_5' title="bbox 65 4331 1372 4424">
    <p class='ocr_par' dir='ltr' id='par_1_6' title="bbox 65 4331 1372 4424">
     <span class='ocr_line' id='line_1_39' title="bbox 65 4331 1372 4424; baseline 0.005 -33"><span class='ocrx_word' id='word_1_339' title='bbox 65 4346 174 4402; x_wconf 86' lang='lat' dir='ltr'><strong>memor</strong></span> <span class='ocrx_word' id='word_1_340' title='bbox 187 4340 332 4418; x_wconf 89' lang='lat' dir='ltr'><strong>iniuriae,</strong></span> <span class='ocrx_word' id='word_1_341' title='bbox 347 4338 466 4406; x_wconf 89' lang='lat' dir='ltr'><strong>nemini</strong></span> <span class='ocrx_word' id='word_1_342' title='bbox 480 4339 633 4404; x_wconf 88' lang='lat' dir='ltr'><strong>irascitur</strong></span> <span class='ocrx_word' id='word_1_343' title='bbox 647 4338 775 4404; x_wconf 86' lang='lat' dir='ltr'><strong>etiamsi</strong></span> <span class='ocrx_word' id='word_1_344' title='bbox 790 4338 908 4424; x_wconf 87' lang='lat' dir='ltr'><strong>dignus</strong></span> <span class='ocrx_word' id='word_1_345' title='bbox 925 4335 970 4401; x_wconf 89' lang='lat' dir='ltr'><strong>sit</strong></span> <span class='ocrx_word' id='word_1_346' title='bbox 984 4331 1071 4412; x_wconf 86' lang='lat' dir='ltr'><strong>cdio3</strong></span> <span class='ocrx_word' id='word_1_347' title='bbox 1088 4335 1265 4399; x_wconf 87' lang='lat' dir='ltr'><strong>creatorem</strong></span> <span class='ocrx_word' id='word_1_348' title='bbox 1366 4373 1372 4386; x_wconf 85' lang='lat'><strong>·</strong></span> 
     </span>
    </p>
   </div>
   <div class='ocr_carea' id='block_1_6' title="bbox 56 4430 1264 4738">
    <p class='ocr_par' dir='ltr' id='par_1_7' title="bbox 56 4430 1264 4738">
     <span class='ocr_line' id='line_1_40' title="bbox 66 4430 1264 4532; baseline 0.006 -40"><span class='ocrx_word' id='word_1_349' title='bbox 66 4430 142 4514; x_wconf 84' lang='lat' dir='ltr'><strong>colit,</strong></span> <span class='ocrx_word' id='word_1_350' title='bbox 152 4441 258 4529; x_wconf 85' lang='lat' dir='ltr'><strong>diligit</strong></span> <span class='ocrx_word' id='word_1_351' title='bbox 271 4442 358 4508; x_wconf 86' lang='lat' dir='ltr'><strong>vitae</strong></span> <span class='ocrx_word' id='word_1_352' title='bbox 381 4443 512 4520; x_wconf 91' lang='lat' dir='ltr'><strong>socium,</strong></span> <span class='ocrx_word' id='word_1_353' title='bbox 531 4463 593 4532; x_wconf 89' lang='lat' dir='ltr'><strong>pro</strong></span> <span class='ocrx_word' id='word_1_354' title='bbox 605 4462 669 4530; x_wconf 90' lang='lat' dir='ltr'><strong>quc</strong></span> <span class='ocrx_word' id='word_1_355' title='bbox 683 4445 756 4508; x_wconf 90' lang='lat' dir='ltr'><strong>orat</strong></span> <span class='ocrx_word' id='word_1_356' title='bbox 769 4442 903 4528; x_wconf 89' lang='lat' dir='ltr'><strong>propter</strong></span> <span class='ocrx_word' id='word_1_357' title='bbox 917 4438 1021 4527; x_wconf 86' lang='lat' dir='ltr'><strong>ipsius</strong></span> <span class='ocrx_word' id='word_1_358' title='bbox 1035 4433 1264 4523; x_wconf 85' lang='lat' dir='ltr'><strong>ignorantiam.</strong></span> 
     </span>
     <span class='ocr_line' id='line_1_41' title="bbox 66 4525 1264 4632; baseline -0.004 -25"><span class='ocrx_word' id='word_1_359' title='bbox 66 4525 191 4626; x_wconf 75' lang='lat' dir='ltr'><strong>Corpori</strong></span> <span class='ocrx_word' id='word_1_360' title='bbox 206 4547 314 4611; x_wconf 87' lang='lat' dir='ltr'><strong>autem</strong></span> <span class='ocrx_word' id='word_1_361' title='bbox 329 4543 493 4632; x_wconf 84' lang='lat' dir='ltr'><strong>alligatus,</strong></span> <span class='ocrx_word' id='word_1_362' title='bbox 508 4545 594 4623; x_wconf 90' lang='lat' dir='ltr'><strong>huic,</strong></span> <span class='ocrx_word' id='word_1_363' title='bbox 615 4543 720 4611; x_wconf 87' lang='lat' dir='ltr'><strong>anima</strong></span> <span class='ocrx_word' id='word_1_364' title='bbox 739 4543 885 4624; x_wconf 82' lang='lat' dir='ltr'><strong>integra,</strong></span> <span class='ocrx_word' id='word_1_365' title='bbox 904 4541 1087 4608; x_wconf 87' lang='lat' dir='ltr'><strong>necessaria</strong></span> <span class='ocrx_word' id='word_1_366' title='bbox 1106 4536 1264 4606; x_wconf 88' lang='lat' dir='ltr'><strong>coneedit.</strong></span> 
     </span>
     <span class='ocr_line' id='line_1_42' title="bbox 56 4625 1263 4738; baseline 0 -30"><span class='ocrx_word' id='word_1_367' title='bbox 56 4662 60 4670; x_wconf 46' lang='lat'><strong>¹*</strong></span> <span class='ocrx_word' id='word_1_368' title='bbox 66 4625 166 4729; x_wconf 76' lang='lat' dir='ltr'><strong>Neque</strong></span> <span class='ocrx_word' id='word_1_369' title='bbox 178 4626 280 4738; x_wconf 85' lang='lat' dir='ltr'><strong>igitur</strong></span> <span class='ocrx_word' id='word_1_370' title='bbox 293 4647 407 4718; x_wconf 84' lang='lat' dir='ltr'><strong>laudat</strong></span> <span class='ocrx_word' id='word_1_371' title='bbox 424 4647 527 4720; x_wconf 81' lang='lat' dir='ltr'><strong>solum</strong></span> <span class='ocrx_word' id='word_1_372' title='bbox 541 4646 626 4717; x_wconf 88' lang='lat' dir='ltr'><strong>bona</strong></span> <span class='ocrx_word' id='word_1_373' title='bbox 637 4649 673 4716; x_wconf 82' lang='lat' dir='ltr'><strong>et</strong></span> <span class='ocrx_word' id='word_1_374' title='bbox 684 4644 831 4729; x_wconf 85' lang='lat' dir='ltr'><strong>honesta,</strong></span> <span class='ocrx_word' id='word_1_375' title='bbox 852 4643 912 4716; x_wconf 83' lang='lat' dir='ltr'><strong>aad</strong></span> <span class='ocrx_word' id='word_1_376' title='bbox 925 4645 997 4735; x_wconf 89' lang='lat' dir='ltr'><strong>ipse</strong></span> <span class='ocrx_word' id='word_1_377' title='bbox 1016 4643 1132 4726; x_wconf 80' lang='lat' dir='ltr'><strong>etiam,</strong></span> <span class='ocrx_word' id='word_1_378' title='bbox 1153 4641 1193 4710; x_wconf 89' lang='lat' dir='ltr'><strong>ut</strong></span> <span class='ocrx_word' id='word_1_379' title='bbox 1207 4639 1263 4708; x_wconf 81' lang='lat' dir='ltr'><strong>sit</strong></span> 
     </span>
    </p>
   </div>
   <div class='ocr_carea' id='block_1_7' title="bbox 0 0 1420 5052">
    <p class='ocr_par' dir='ltr' id='par_1_8' title="bbox 0 0 1420 5052">
     <span class='ocr_line' id='line_1_43' title="bbox 0 0 1420 5052; baseline 0 0"><span class='ocrx_word' id='word_1_380' title='bbox 0 0 1420 5052; x_wconf 95' lang='lat' dir='ltr'><strong> </strong></span> 
     </span>
    </p>
   </div>
  </div>
 </body>
</html>
