2820 5052
565 327 761 428 ...aa

68 509 414 604 lionisparpessisunt.
459 513 1274 608 Quodsiingredieturinregnumdei,qui

66 614 156 682 iacit
168 615 414 682 voluntatem
428 615 530 694 eius,
546 616 622 682 talis
638 618 701 682 erit
714 616 895 704 gnosticos,
911 617 966 706 qui
976 619 1155 684 mundanas
1172 619 1276 688 vincit

66 717 268 805 cupiditates,
292 717 369 784 licet
387 717 531 784 incarne
549 718 654 785 adhuc
674 722 830 788 versetur.
873 719 1001 787 Futura
1015 707 1153 800 ‘autem,
1185 745 1270 810 quae

65 823 160 884 mente
174 823 304 886 tautum
319 821 551 909 percipiuntur,
571 820 677 907 magis
693 821 807 888 adesse
825 825 937 908 putat,
968 845 1065 913 quam
1085 825 1272 912 praesentia

66 921 115 995 aab
130 945 244 988 sensus
259 923 418 1002 cadentia.
462 924 538 990 Hac
551 923 622 989 vita
635 945 693 1012 pro
708 923 903 990 necessitate
915 924 1021 991 utitur
1034 930 1190 1016 tanquam
1212 926 1275 992 ali«

65 1047 123 1090 ena.
164 1023 268 1092 Novit
281 1025 380 1092 etiam
395 1025 506 1092 ieiunii
527 1027 651 1092 dierum
666 1025 774 1112 quarti
789 1028 824 1092 et
846 1025 930 1092 sexti
951 1027 1151 1116 aenigmata,
1181 1029 1271 1095 Mer·

66 1126 133 1192 curii
143 1127 280 1212 quidem
295 1134 330 1196 ct
343 1128 492 1196 Veneris.
536 1128 666 1194 Ieiuuat
676 1127 787 1215 ‘igitur
802 1150 821 1192 a
836 1127 957 1216 triplici
972 1129 1027 1197 illa
1042 1130 1255 1200 fornicatione
1262 1137 1277 1196 ι’·

63 1227 226 1306 alibidine,
242 1229 284 1296 ab
299 1229 447 1308 avaritia,
463 1231 504 1296 ab
515 1231 713 1308 idololatria;
729 1229 853 1295 ieiunat
867 1231 976 1309 etiam,
991 1231 1083 1320 Lege
1092 1233 1236 1313 iubente,
1249 1257 1275 1300 a

63 1330 144 1396 malis
159 1331 409 1410 actionibus,
426 1355 467 1400 ex
477 1334 648 1422 Evangelii
660 1332 887 1420 perlectionea
898 1331 991 1398 malis
1003 1336 1270 1421 cogitationi-

63 1432 133 1500 bus.
153 1435 760 1525 lamquumseientiscontemplationis
772 1434 934 1522 acceperit
944 1436 1271 1524 comprehensionem,
1353 1515 1366 1540 κ

61 1533 227 1605 Dominum
248 1561 269 1604 a
282 1561 318 1604 se
332 1537 434 1606 videri
448 1540 644 1619 exsistimat,
666 1535 776 1602 oculos
793 1559 869 1604 suos
883 1537 925 1602 ad
940 1560 988 1614 ea,
1010 1561 1093 1624 quac
1113 1541 1199 1608 huno
1218 1541 1271 1608 lu-

62 1635 146 1720 giunt
158 1641 268 1706 visum
280 1641 452 1708 deducens.
497 1641 570 1708 Hos
585 1644 695 1706 autem
710 1640 830 1716 oculos,
846 1661 887 1706 ne
901 1638 1034 1706 videant
1047 1640 1175 1720 illicita,
1197 1665 1273 1730 pro·

62 1737 150 1806 hibet.
178 1743 336 1810 Fratrum
346 1745 470 1812 animas
482 1743 676 1822 considerat,
693 1741 870 1833 quinetiam
881 1742 986 1808 carnis
999 1742 1273 1830 pulchritudinem

63 1839 121 1908 siue
137 1843 245 1932 ipsius
266 1846 372 1912 carnis
394 1845 572 1934 voluptate.
616 1846 751 1912 Fratres
773 1869 848 1912 vero
867 1844 951 1910 fiunt
974 1845 1078 1912 electa
1099 1848 1272 1926 creatione,

61 1960 180 2014 morum·
190 1952 414 2026 consensione,
429 1949 541 2014 eadem
556 1971 688 2042 operum
703 1951 831 2027 natura,
842 1950 891 2012 ut
905 1947 1016 2014 eadem
1031 1949 1162 2029 faciant,
1183 1950 1272 2036 cogi·

61 2047 132 2125 tent,
146 2048 335 2136 loquantur,
356 2073 454 2139 opera
469 2055 583 2118 sancta
598 2055 632 2118 et
647 2052 796 2129 honesta,
817 2072 899 2140 quae
913 2050 1003 2138 ipsos
1020 2051 1152 2135 sentire,
1174 2075 1274 2140 quum

62 2145 119 2216 sint
131 2151 240 2232 electi,
261 2152 425 2220 Dominus
441 2153 553 2220 voluit.
596 2153 681 2219 Nam
695 2152 775 2218 fides
791 2153 824 2218 iu
840 2151 900 2218 hoc
915 2154 1082 2231 consistit,
1105 2157 1144 2220 ut
1158 2153 1271 2220 eadam

61 2248 189 2336 eligant3
221 2255 366 2342 cognitio
395 2255 430 2320 in
455 2277 509 2333 eo,
544 2259 583 2322 ut
608 2255 720 2322 eadem
745 2255 917 2320 didicerint
942 2259 976 2322 et
1002 2255 1165 2337 sentiant,
1195 2277 1271 2344 spes

61 2356 158 2422 autem
179 2357 213 2424 iu
231 2357 288 2424 illo
308 2357 461 2436 cernitur,
486 2362 525 2425 ut
549 2359 660 2425 eadem
680 2357 813 2424 faciant.
861 2355 1034 2424 Eiusmodi
1054 2361 1163 2424 autem
1189 2380 1270 2444 gno-

62 2454 152 2524 sticns
166 2462 238 2526 tam
253 2459 289 2526 in
304 2460 425 2526 somnis
440 2483 538 2547 quam
551 2461 727 2547 invigiliis.
757 2441 853 2526 llam
865 2465 956 2526 totus
967 2483 1079 2527 revera
1090 2464 1142 2526 est
1152 2459 1270 2550 hospes

60 2559 88 2620 et
105 2562 295 2649 peregrinus
317 2561 352 2627 in
372 2565 444 2628 tota
463 2563 547 2643 vita,
570 2563 678 2654 quiin
699 2563 832 2630 civitate
850 2563 1002 2630 habitans
1023 2563 1203 2629 contemnit
1222 2585 1271 2642 aa,

61 2677 132 2740 quae
147 2669 227 2732 sunt
241 2665 275 2730 in
290 2664 424 2732 civitate
439 2689 585 2753 quaeque
599 2667 801 2734 admirantur
815 2666 924 2744 ceteri,
946 2669 981 2732 et
995 2665 1077 2732 vivit
1090 2665 1125 2730 in
1139 2665 1272 2732 civitate
1372 2661 1375 2665 ’

60 2761 206 2850 tanquam
220 2769 256 2833 in
277 2765 465 2846 solitudine3
488 2791 553 2834 non
580 2767 686 2846 locus,
717 2769 775 2835 sad
793 2769 921 2836 vivendi
945 2768 1030 2834 ratio
1053 2767 1179 2834 iustum
1199 2790 1274 2834 enm

60 2859 204 2954 declarat.
250 2868 387 2958 Optima
399 2892 500 2957 agens
514 2869 587 2936 vult
596 2869 785 2936 delitescere
798 2892 906 2937 coram
918 2869 1113 2948 hominibus,
1129 2869 1273 2936 Domino

61 2962 146 3035 simul
160 2973 196 3039 et
210 2971 274 3038 sibi
288 2972 364 3060 ipsi,
382 2995 416 3038 se
430 2972 538 3038 vivere
553 2993 593 3038 cx
607 2971 802 3060 praeceptis,
817 2971 1028 3059 persuadens.
1070 2970 1148 3059 Ipse
1162 2975 1274 3038 autem
1313 2961 1315 2967 ¹

60 3069 197 3141 caritatis
212 3073 410 3162 perfectione
426 3073 569 3162 seipsum
583 3073 691 3140 reddit
704 3073 873 3151 humilem,
894 3095 935 3138 ne
949 3093 1092 3158 unquam
1112 3072 1274 3160 despiciat
1345 3065 1352 3076 ’

60 3166 182 3244 fratrem
198 3161 367 3256 afflictum,
388 3177 451 3244 etsi
467 3199 502 3244 sa
523 3175 654 3242 sciverit
673 3175 799 3242 iacilius
819 3197 916 3261 quam
935 3175 1069 3240 fratrem
1091 3178 1272 3262 egestatem

60 3284 124 3342 esse
137 3277 292 3359 laturum,
314 3280 404 3346 cuius
420 3277 562 3364 dolprem
576 3279 741 3367 proprium
756 3276 856 3343 habet
870 3277 1028 3355 dolorem,
1054 3263 1272 3366 ”quamobrem-

61 3393 121 3443 tam
136 3401 176 3448 ex
192 3405 253 3449 sua
267 3382 371 3470 ipsius
387 3381 496 3471 inopia
510 3381 661 3469 largitur,
683 3383 718 3446 et
731 3368 904 3465 largitione
918 3378 1120 3446 incommodo
1135 3380 1272 3446 affectus

60 3484 365 3566 cugetbanefleium.
408 3484 521 3571 Neque
545 3483 700 3550 laudem
721 3481 766 3548 ab
789 3481 1014 3548 hominibus
1036 3481 1171 3569 accipit,
1203 3482 1272 3550 sed

60 3582 172 3652 adeo.
216 3586 395 3653 Miseretur
416 3589 515 3654 etiam
530 3609 657 3664 eornm,
687 3584 743 3673 qui
762 3587 995 3673 postmortem
1015 3583 1220 3670 castigantur
1238 3588 1274 3650 et

60 3674 146 3753 iuviti
160 3689 320 3778 supplicio
332 3687 539 3756 confitentur.
584 3687 678 3770 Quae
693 3689 803 3754 autem
817 3686 870 3754 hic
882 3689 960 3752 sunt
969 3685 1077 3754 omnia
1091 3686 1196 3752 aliena
1210 3709 1272 3774 pu·

59 3781 138 3867 tans,
159 3813 225 3858 non
241 3790 345 3858 solnm
360 3789 495 3864 Domini
509 3791 665 3858 mandata
678 3789 867 3867 admiratur,
885 3789 942 3854 scd
956 3788 1029 3876 ipsa
1045 3789 1181 3854 caritate
1196 3811 1273 3877 par·
1291 3817 1293 3822 ¹

60 3881 166 3978 ticeps,
181 3897 221 3960 ut
234 3894 283 3960 ita
296 3893 419 3972 dicam,
440 3893 567 3962 divinae
577 3892 617 3958 fit
630 3893 825 3970 voluntatis,
856 3913 931 3957 vere
949 3889 1117 3956 familiaris
1137 3891 1273 3958 Domini

60 3989 90 4053 tt
104 3997 327 4064 mandatorum
342 3994 465 4062 electus
486 4000 526 4064 ut
543 3997 667 4074 iustus,
698 3998 733 4062 et
751 3993 909 4082 regnandi
923 3995 1089 4080 potestate
1103 3993 1272 4081 praeditus

61 4093 96 4156 ut
107 4100 284 4182 gnosticas.
329 4097 436 4168 Omne
456 4119 532 4164 vero
555 4121 685 4176 aurum,
716 4097 803 4188 quod
823 4101 876 4163 est
895 4117 994 4183 supra
1013 4098 1135 4161 terram
1155 4099 1191 4162 et
1210 4094 1271 4162 sub

61 4191 151 4278 terra,
167 4205 200 4268 et
214 4225 367 4290 regnum,
383 4201 470 4288 quod
484 4201 537 4265 est
544 4221 570 4284 p.
584 4197 703 4266 finibus
719 4201 760 4267 ad
770 4200 850 4266 fines
867 4198 978 4266 oceani
992 4198 1141 4286 despicit,
1164 4202 1203 4264 ut
1217 4219 1272 4264 ao-

62 4287 127 4364 lum'
135 4301 267 4372 Domini
282 4303 405 4385 cultum
427 4305 544 4370 servet.
591 4301 779 4384 Quinetiam
794 4305 945 4391 precatur
959 4323 1034 4368 cum
1054 4299 1194 4388 augelis,
1216 4323 1271 4366 an·

63 4397 137 4479 geli.
150 4405 215 4476 iam
229 4406 384 4496 aequalis,
405 4427 510 4494 neque
524 4406 578 4472 est
591 4427 735 4492 unquam
749 4408 843 4472 extra
858 4407 1007 4474 sanctam
1021 4402 1219 4481 custodiam,¹
1236 4405 1273 4470 ct

63 4491 133 4572 litei
160 4509 247 4580 aolus
276 4512 364 4590 oret,
400 4508 500 4576 habet
520 4507 712 4596 angelorum
737 4506 869 4574 chorum
894 4506 1115 4574 assistentem.
1156 4505 1272 4594 lpsum

11 4625 15 4642 ‘
64 4607 164 4681 tutem
177 4613 372 4708 precationis
387 4633 490 4702 mnus
504 4612 686 4704 gratiarum
697 4609 843 4680 estantio
855 4610 895 4680 de
905 4608 1102 4770 praeterilt5is,
1117 4630 1273 4699 praesen-
