2830 5052
548 339 750 443 Α

52 525 470 616 negternvangsnalegis
484 527 690 615 perfectioni,
713 526 932 618 praestamus,
956 522 1162 590 haecomnia
1182 521 1254 590 efli-

53 631 113 696 oiet
139 629 205 696 Sed
218 631 302 696 hacc
317 633 356 697 de
371 631 530 696 virtutum
546 653 705 725 consensu
719 633 820 720 atque
834 625 1072 727 conspiratione
1086 626 1254 698 hactenus.

53 733 237 821 Principium
253 733 398 800 omnium
413 735 498 800 emin
516 732 613 810 fides,
634 736 653 818 ἡ
670 738 778 817 γνῶσις
798 732 872 798 finis
895 733 929 798 et
947 751 1071 798 corona.
1115 729 1254 797 Verum·

53 835 198 901 enimvero
212 836 255 902 de
271 835 455 923 cognitione
469 835 563 902 nobis
577 835 796 924 loquentibus,
808 834 924 902 solum
945 833 1041 898 deum
1061 833 1179 898 natura
1194 853 1254 898 sua

56 957 110 1002 esse
125 937 321 1026 sapientem,
336 937 656 1004 animadvertendum
671 939 739 1002 est:
761 959 821 1002 nos
834 935 963 1025 quidem
974 935 1122 1000 veritatis
1134 931 1258 1020 cogno?

59 1039 174 1104 suendae
189 1061 304 1106 amors
319 1031 449 1112 tantum
463 1038 577 1116 teneri,
591 1042 631 1104 ut
646 1039 702 1128 qui
717 1038 818 1104 simus
833 1037 1015 1126 philosophi
1025 1040 1063 1122 ¹).

102 1139 164 1206 His
190 1142 311 1228 igitur
330 1141 436 1208 tribus
468 1140 670 1208 adhaerescit
699 1139 920 1228 philosophus,
940 1141 1068 1206 noster:
1100 1125 1254 1216 theorias,

54 1243 266 1310 mandatorum
296 1242 511 1322 exsecutioni,
542 1243 684 1309 virorum
714 1242 871 1310 bonorum
899 1241 1111 1310 institutioni.
1154 1239 1255 1322 'Quae

54 1365 134 1432 quum
149 1336 374 1422 convenerint,
389 1344 493 1432 virum
510 1343 704 1412 Gnostioum
719 1345 902 1432 perficiente
932 1345 982 1410 sin
1003 1343 1080 1433 quid
1105 1341 1253 1417 deluerit,

55 1451 96 1528 τῆς
109 1452 253 1530 γνώσεως
270 1445 404 1513 munera
418 1447 655 1514 claudicabunt.
698 1447 792 1514 Haec
810 1447 993 1514 tria'etiam
1013 1445 1176 1512 Dominus
1198 1465 1255 1532 per

54 1544 187 1632 Moysem
201 1550 247 1616 ab
263 1549 427 1615 Israelitis
442 1547 600 1636 postulat.

104 1647 235 1718 Sedent
250 1652 351 1718 etiam
366 1651 449 1718 falsa
464 1648 576 1738 gnosi's
592 1673 712 1725 eorum,
731 1649 787 1740 qui
803 1673 838 1716 se
853 1649 1016 1738 sapientes
1032 1671 1104 1718 esse
1119 1647 1254 1735 opinan-

56 1749 105 1826 tur,
119 1775 257 1841 quorum
274 1754 435 1833 „scientia
447 1753 574 1818 inflat.“
618 1753 706 1820 Vera
727 1756 836 1818 autem
857 1751 968 1840 gnosio
988 1775 1053 1820 non
1073 1750 1254 1840 opinionem

59 1849 144 1935 gignit
156 1857 341 1934 inflantem,
359 1857 415 1923 sed
430 1855 537 1922 fidem.
559 1854 624 1922 Est
639 1855 724 1921 enim
739 1855 972 1922 demonstratio
987 1877 1108 1934 eorum,
1124 1876 1206 1943 quae
1220 1853 1255 1920 in

62 1971 115 2020 vera
127 1957 336 2047 philosophia
351 1958 536 2040 traduntur,
559 1959 725 2024 scientiam
744 1975 877 2046 parens,
897 1959 949 2024 vel
960 1957 1176 2026 raciocinatio
1194 1956 1255 2022 du-

63 2049 154 2123 bisex
169 2063 272 2127 certis
288 2061 384 2126 fidem
398 2059 567 2149 praebens.
610 2061 709 2126 Fides
729 2083 821 2136 vem,
844 2083 941 2148 quum
961 2060 1082 2147 duplex
1102 2061 1157 2136 sit,
1177 2081 1253 2135 una,

61 2175 121 2240 quae
134 2162 285 2242 scientio,
302 2164 415 2242 altera,
436 2183 518 2253 quae
532 2162 682 2250 opinione
702 2161 836 2244 nititur,
858 2163 970 2248 gnosio
989 2163 1068 2228 item
1089 2166 1124 2228 et
1142 2161 1254 2226 eadem

58 2257 161 2327 ratione
181 2259 248 2332 erit
274 2265 404 2353 duplex.
446 2265 494 2331 Et
512 2269 625 2332 nostra
646 2264 790 2354 quidem,
817 2267 933 2353 utpote
960 2287 1042 2353 quae
1068 2255 1109 2330 ex
1132 2262 1251 2330 divinis

56 2365 269 2449 suppeditetur
283 2367 452 2454 scripturis
467 2370 566 2458 atque
581 2391 621 2434 ex
637 2367 796 2456 sapientia
810 2367 906 2434 docta
921 2392 941 2434 a
955 2369 1044 2444 Deo,
1066 2367 1135 2434 sola
1154 2365 1264 2432 fuerit,

55 2477 114 2526 vera
127 2466 373 2547 demonstratio,
389 2469 475 2536 unde
493 2471 573 2538 fides
588 2475 752 2548 nascatur,
773 2451 855 2560 qirab
877 2469 922 2536 sit
936 2470 1082 2558 potentia
1097 2467 1254 2558 quaedam

54 2556 113 2642 Del,
128 2568 176 2636 vis
192 2573 356 2650 veritatis,
374 2573 426 2638 cui
440 2571 602 2640 Dominus
610 2573 836 2640 miraculorum
852 2571 1041 2638 facultatem
1056 2572 1181 2638 tribuit.
1204 2570 1255 2636 Ar
1284 2557 1288 2564 ”

54 2679 115 2732 vero
127 2671 232 2740 altera
254 2673 504 2754 demonstratio,
527 2699 609 2765 quae
624 2677 805 2765 opinionem
826 2678 954 2742 tantum
970 2675 1093 2762 gignit,
1113 2674 1254 2742 humana

50 2770 110 2879 tlt,
134 2773 168 2840 in
193 2778 398 2863 argumentis
425 2777 607 2844 consistens
632 2777 801 2846 rhetoricis
829 2780 927 2868 atque
951 2777 1129 2850 dialecticis
1156 2775 1255 2863 syllo-

52 2873 161 2950 grumis.

104 2973 166 3043 Sed
182 2981 330 3070 superior
343 2979 409 3057 illa,
425 3003 524 3069 quum
539 3003 579 3046 ex
594 2983 678 3048 veris
694 2981 923 3048 concludat-
937 3003 978 3046 ex
992 2981 1110 3046 divinis
1127 2979 1251 3046 scilicet

52 3071 134 3161 tique
147 3083 356 3172 propheticis,
371 3119 415 3132 -·-
429 3083 537 3168 gnosio
553 3088 641 3150 recte
651 3108 671 3150 a
681 3083 775 3150 nobis
787 3085 977 3174 appelletur,
992 3086 1030 3149 ut
1042 3081 1254 3172 quaegignat

12 3211 15 3238 i
52 3170 142 3247 fidem,
188 3185 312 3252 Gnosis
328 3188 437 3250 autem
453 3207 578 3252 summa
592 3186 729 3252 hominis
744 3187 787 3264 vi,
808 3187 827 3252 i.
850 3209 878 3251 e.
899 3189 1008 3252 mente
1034 3187 1102 3252 sive
1126 3184 1251 3272 cogita-

53 3274 126 3346 tione
140 3288 330 3378 acquiritur.
374 3287 653 3370 Quemadmodum
668 3291 776 3354 autem
791 3311 849 3378 por
864 3289 1010 3375 singulas
1030 3289 1125 3356 huius
1141 3285 1253 3352 muudi
1282 3291 1285 3300 '

53 3385 148 3461 partes
162 3389 362 3476 transgressi
376 3390 419 3454 ad
433 3391 485 3456 dei
499 3392 727 3478 cognitionem,
752 3395 899 3458 creatura
914 3393 1042 3479 agnita,
1063 3389 1252 3474 Creatorem

14 3536 19 3547 .
54 3475 259 3557 desiderantes
276 3492 495 3580 pervenimus:
520 3494 567 3560 sic
577 3517 702 3562 asensu
716 3519 773 3584 per
787 3496 950 3562 notionem
966 3496 1012 3560 ad
1022 3493 1252 3581 cogitationem

54 3599 105 3665 qua
118 3596 320 3684 assequimur
333 3595 439 3672 fidem,
455 3597 611 3662 ascendat
626 3595 822 3677 Gnostious3
845 3599 880 3663 in
893 3596 954 3662 hac
968 3597 1164 3686 acquieacat.
1211 3592 1266 3658 In

52 3679 103 3750 fids
116 3696 281 3774 consistit,
303 3697 458 3776 dumille,
474 3699 529 3786 qui
545 3721 580 3766 se
594 3701 772 3788 sapientem
791 3702 943 3791 opinatur
964 3706 975 3777 <
984 3697 1197 3786 οἰηοίσοφος),
1212 3717 1253 3761 ne

53 3786 174 3878 attingit
188 3799 318 3887 quidem
332 3800 514 3878 veritatem,
528 3801 789 3870 inconstantibus
805 3807 846 3868 ct
853 3801 1060 3868 instabilibus
1072 3801 1251 3865 commotus

53 3895 302 3976 appetitionibus.
347 3901 482 3991 Semper
496 3923 573 3990 ergo
593 3905 740 3971 fluctuat.
785 3903 1064 3986 Quemadmodum
1078 3901 1164 3968 enim
1178 3921 1251 3966 oum

54 3999 186 4068 gnostico
201 4005 426 4088 cognationem
440 4004 539 4072 habet
553 4007 782 4094 tranquillitas,
798 4008 901 4098 quies,
915 4029 995 4096 parra
1017 4006 1065 4070 ita
1080 4027 1153 4072 oum
1167 4003 1249 4070 falso

54 4089 200 4183 transitio,
215 4107 396 4185 declinatio,
412 4107 550 4174 deiectio
559 4114 598 4193 2).

108 4199 211 4283 Quum
226 4212 335 4275 autem
349 4213 478 4298 tempus
494 4209 614 4300 duplex
630 4211 686 4288 sit,
706 4211 916 4299 praeteritum
936 4213 970 4275 et
991 4207 1147 4284 futurum,
1168 4206 1249 4272 fides

56 4295 139 4370 etiam
152 4311 271 4400 partim
285 4311 461 4400 praeterita
474 4335 589 4403 reapse
603 4314 691 4382 faeta
704 4335 788 4398 esse,
805 4315 915 4382 lutura
928 4311 1052 4380 factum
1065 4311 1105 4377 iri
1117 4333 1250 4408 persua·

57 4445 239 4480 x..-
1240 4441 1258 4452 ..

101 4556 122 4624 ¹)
137 4580 160 4630 r.
173 4562 319 4626 tot-453.

102 4639 124 4708 ²)
140 4663 162 4712 r.
174 4655 320 4709 asa-mr.
