2820 5052
737 384 801 451 164

222 571 332 672 Quum
348 569 466 640 deiide
481 570 562 638 satis
579 571 764 659 expositum
785 569 869 650 sit,
859 593 924 637 ram
945 567 1035 638 brevi
1051 591 1141 659 spem
1156 551 1192 638 et
1206 567 1378 636 caritatem

156 695 391 764 percurramus.
436 675 588 744 Socrates
608 672 739 761 igitur
729 697 765 740 ιιι
790 671 942 751 Critone,
969 673 1033 762 ipsi
1058 673 1148 738 vitae
1173 693 1377 761 praeponens

155 777 362 846 honestam
377 781 412 844 et
425 779 526 845 vitam
542 780 576 843 et
591 780 737 854 mortem,
764 799 870 866 spem
890 777 1030 863 aliquam
1046 773 1180 840 alterius
1194 774 1287 841 vitae
1302 775 1378 863 post

155 886 294 949 mortem
314 901 386 948 sese
405 879 523 947 habere
543 879 738 971 exsistimat.
783 878 940 946 Similiter
965 876 1187 944 Parmenides.
1231 877 1282 943 Et
1302 899 1376 966 pro·

155 983 252 1062 lecto,
269 1005 351 1070 quae
367 985 475 1049 mente
494 985 623 1048 tantum
638 983 777 1071 possunt
792 979 1017 1069 comprehendi
1037 982 1073 1046 et
1093 983 1172 1046 sunt
1191 979 1319 1058 futura,
1342 1003 1377 1046 ea

157 1084 322 1172 acquirere
335 1107 400 1150 non
412 1083 570 1161 valemus,
585 1083 649 1150 nisi
666 1105 742 1171 spe.
766 1083 803 1150 Si
818 1084 896 1170 quid
911 1104 989 1170 ergo
1004 1081 1141 1148 dicimus
1153 1081 1373 1165 esseiustum,

83 1187 86 1210 '
158 1187 280 1276 siquid
293 1186 479 1263 honestum,
500 1185 527 1250 si
548 1185 627 1271 quid
646 1185 784 1272 denique
804 1185 975 1252 veritatem
995 1171 1068 1252 esse
1087 1183 1240 1252 dicimus:
1264 1205 1307 1249 ex
1328 1183 1374 1249 his

84 1303 91 1316 '
155 1290 236 1358 nihil
251 1289 352 1358 oculis
367 1311 510 1375 unquam
531 1288 680 1364 vidimus,
703 1288 760 1353 sed
782 1287 851 1354 sola
869 1290 986 1354 mente.
1030 1286 1141 1374 Logos
1168 1290 1301 1352 autem·
1315 1285 1373 1362 dei,

54 1471 57 1478 Δ
156 1392 242 1481 Ego
267 1416 362 1470 sum,
384 1391 507 1477 inquit,
533 1391 700 1470 veritas3
723 1394 776 1458 est
788 1413 872 1478 ergo
893 1391 1004 1478 Lagea
1027 1393 1136 1456 mente
1150 1387 1372 1476 contemplan-

156 1495 228 1562 dus.
270 1495 311 1562 In
331 1493 480 1560 Phaedro
501 1493 610 1558 aute'm
631 1493 728 1560 Plato
746 1493 917 1560 veritatem
938 1491 1119 1572 declaravit
1141 1513 1214 1557 esse
1237 1491 1372 1558 ideam.

153 1595 232 1662 idea
252 1600 360 1662 autem
381 1597 433 1662 dei
454 1594 611 1682 cogitatio
639 1599 701 1674 est,
729 1616 826 1682 quam
845 1595 975 1662 barbari
1000 1595 1154 1661 dixerunt
1173 1593 1226 1660 dei
1247 1594 1371 1680 Logon.

156 1698 269 1784 Logos
285 1701 396 1764 autem
415 1720 620 1787 progressus,
648 1697 766 1788 opificii
784 1719 883 1764 causa
907 1701 959 1765 est
984 1701 1019 1763 et
1043 1696 1234 1774 creationis3
1258 1696 1372 1763 deinde

153 1803 264 1866 autem
279 1800 422 1888 seipsum
433 1801 569 1886 generat
580 1799 708 1885 quando
723 1799 855 1888 Logos
871 1823 960 1867 caro
974 1799 1108 1866 factus
1125 1803 1202 1878 est,
1225 1801 1267 1865 ut
1277 1799 1370 1866 etiam

155 1902 252 1969 cadat
267 1902 328 1969 sub
343 1903 545 1990 adspectum.
578 1901 604 1969 J
605 1905 699 1968 ustus
715 1923 793 1989 ergo
809 1905 943 1989 quaeret
960 1903 1189 1981 inventionem,
1210 1924 1298 1988 quae
1313 1901 1369 1969 ori·

152 2008 208 2072 tur
222 2027 240 2071 e
255 2005 402 2081 caritate,
420 2005 461 2071 ad
476 2027 572 2091 quom
587 2027 742 2093 prospere
755 2003 929 2073 contendit.
972 2005 1161 2070 Pulsanti
1176 2005 1264 2070 enim
1280 2027 1370 2094 ape-

152 2107 292 2175 rietur.
337 2107 404 2190 Qui
418 2129 584 2194 regnum
599 2108 763 2196 rapiunt
777 2110 855 2174 sunt
870 2107 1060 2187 violenti,
1078 2130 1143 2173 non
1158 2107 1370 2174 contentiosis

153 2209 365 2288 sermonibus,
396 2211 453 2276 sed
473 2213 581 2278 rectae
602 2210 689 2276 vitae
709 2208 919 2288 assiduitate,
946 2213 980 2276 et
1000 2209 1161 2298 precibus,
1188 2231 1275 2299 quae
1291 2209 1372 2276 fiunt

153 2314 239 2380 sine
260 2311 573 2378 intermissione.
619 2311 685 2378 Sed
706 2312 919 2399 ignorationis
942 2311 1177 2379 animadversio
1198 2313 1310 2400 prima
1325 2315 1370 2378 est

152 2413 324 2504 disciplina
335 2413 374 2492 ei,
391 2414 446 2504 qui
463 2413 638 2480 secundum
653 2413 769 2502 Logon
785 2413 939 2480 ambulat.
983 2413 1094 2496 Quum
1108 2413 1299 2501 ignorasset
1315 2415 1369 2480 ali·

152 2517 237 2608 quis,
251 2516 426 2606 quaesivit3
450 2539 549 2604 quum
565 2517 770 2605 quaesiisset,
780 2517 906 2583 invenit
916 2517 1080 2583 doctorem
1089 2541 1098 2594 ;
1114 2539 1214 2606 quum
1225 2517 1368 2584 invenis·

153 2623 215 2698 set,
231 2617 383 2695 credidit3
406 2639 505 2706 quum
521 2617 722 2696 credidisset,
745 2619 899 2708 speravit,
923 2639 1085 2710 quumque
1100 2617 1174 2684 hinc
1188 2619 1367 2697 dilexisset,

152 2721 263 2788 dilecti
276 2719 390 2787 similis
405 2717 553 2797 efficitur,
570 2719 656 2810 quod
671 2721 761 2810 prius
776 2721 901 2800 dilexit,
918 2721 991 2788 hoc
1006 2743 1089 2800 esse,
1106 2721 1254 2788 studens.
1278 2722 1369 2788 Hanc

152 2823 311 2890 rationem
333 2821 486 2889 Socrates
510 2829 640 2889 secutus
667 2828 734 2902 est;
763 2824 912 2892 adhunc
938 2847 1013 2914 spec
1014 2827 1088 2890 tant
1100 2823 1368 2942 ‘prudentium
1405 2849 1406 2885 3

152 2926 357 3014 virginum
376 2925 597 3015 lampades,
621 2947 704 3016 quae
723 2931 823 2994 noctu
839 2931 1084 2994 suntaccensae
1099 2924 1261 2992 indensis
1281 2929 1368 2994 tene·
1404 2953 1405 2958 ¹

153 3029 234 3108 bris,
250 3051 331 3119 quas
343 3031 541 3118 pernoctem
557 3028 665 3096 rnnurt
677 3029 848 3120 scriptura
884 3028 1215 3128 Prudentesanimae,
1230 3029 1369 3096 mundae

151 3135 191 3200 nt
205 3131 402 3219 virgines,
425 3153 524 3220 quum
541 3153 576 3197 se
589 3129 624 3197 in
639 3120 735 3200 liuius
754 3131 866 3200 mundi
885 3129 1017 3199 inscitia
1036 3129 1161 3220 positas
1183 3151 1260 3198 esse
1279 3131 1403 3200 intel·

151 3235 269 3319 ligant,
284 3231 393 3298 lumen
408 3235 599 3312 accendunt,
614 3235 755 3300 mentem
775 3234 931 3313 excitant,
953 3231 1170 3319 ignorantiam
1192 3235 1402 3324 expellunt

152 3337 314 3421 quaerunt
328 3335 499 3400 veritatem
513 3335 752 3422 adventumque
766 3335 908 3402 doctoris
920 3339 1123 3423 exspectant.
1145 3335 1368 3405 Verumenim-
1400 3361 1401 3396 ι

153 3459 228 3505 vero
249 3460 352 3523 neque
373 3438 590 3525 cognitionem
610 3460 714 3524 neque
733 3439 829 3504 fidem
850 3437 1019 3504 omnium
1040 3459 1112 3504 esse
1132 3441 1167 3504 et
1186 3438 1366 3526 Apostolus
1397 3449 1400 3508 l

152 3540 232 3608 dicit
246 3541 281 3606 et
294 3539 441 3606 indicant
454 3539 648 3628 philosophi.
694 3539 758 3606 Est
772 3540 857 3607 enim
871 3539 989 3628 vulgus
1011 3540 1183 3628 quoddam,
1206 3543 1298 3628 quod
1319 3543 1366 3608 de·

152 3642 420 3710 monstrationem
435 3641 584 3730 postulat
598 3645 753 3726 tanquam
774 3644 923 3710 veritatis
943 3643 1075 3732 pignus,
1097 3643 1195 3720 nuda,
1217 3665 1306 3729 quae
1326 3645 1367 3711 est

152 3769 194 3814 ex
207 3745 281 3824 fide,
298 3743 404 3810 salute
418 3767 483 3810 non
498 3744 652 3811 contenti.
688 3743 810 3811 Nostra
823 3749 932 3812 autem
947 3767 1019 3812 esse
1033 3743 1214 3833 probabilia
1227 3747 1274 3824 et,
1291 3765 1366 3836 quae

152 3848 336 3925 credantur,
352 3846 461 3933 digna,
478 3845 506 3912 si
529 3849 715 3932 sequentem
737 3863 916 3914 sermonem
936 3847 1109 3932 diligenter
1127 3847 1365 3938 perpenderint,

152 3947 273 4017 Graeci
287 3951 499 4036 cognoscent.
520 3949 730 4039 Responde
746 3949 890 4028 stulto,
913 3950 961 4016 ait
976 3949 1139 4030 Salomon,
1156 3952 1364 4018 secundum

153 4049 373 4120 stultitiam
388 4051 485 4118 eius.
529 4049 727 4122 Graecorum
749 4052 941 4142 sapientiam
962 4056 997 4120 et
1009 4075 1069 4119 nos
1085 4051 1320 4133 exhibebimus,
1332 4053 1365 4117 nt

151 4151 362 4221 familiaribus
378 4153 420 4218 ad
433 4153 528 4220 fidem
544 4154 714 4247 ducantur.
756 4155 788 4222 N
793 4178 841 4223 on
861 4155 1104 4224 Judaeorum
1125 4155 1253 4225 solum
1274 4157 1363 4224 deus

150 4255 1362 4350 est,sedet1amgent1umrmberdrrmaegratiaesuperiustos

150 4357 579 4429 etiniustosdemittitur
540 4363 630 4448 ur).
733 4397 737 4406 ·
876 4367 881 4376 '

97 4683 108 4696 ·
206 4665 431 4739 bassaus
