2820 5052
648 316 863 421 Q.

119 471 320 610 ''ecclesiamJ
338 507 365 574 si
379 507 466 575 iorte
476 507 557 574 illud
568 507 755 574 audierant:
793 497 974 606 Facilius
993 508 1059 574 'est
1079 497 1269 610 camelum
1292 526 1364 596 per

140 610 315 678 foramen
337 631 430 676 aeus
453 611 645 688 transire,
668 631 780 696 qnam
795 608 960 674 divitem
976 610 1128 677 intrare
1145 611 1363 698 inrsgnum

6 771 17 789 ,
139 713 217 792 dei,
240 711 336 778 multi
355 711 473 778 divites
492 709 658 802 perterriti
672 712 819 778 recedere
835 709 991 779 solebant.
1034 703 1362 800 ignorabantautem

71 897 76 908 ¹
140 815 310 884 eonsilium
324 815 436 881 differe
449 815 673 904 apraeoepto
662 839 697 881 m
709 811 853 885 ecclesia.
879 813 966 882 Sed
982 811 1143 894 Clemens,
1159 832 1260 902 quum
1272 814 1362 882 eius-

139 919 227 986 modr
239 901 518 984 conturbationem
529 917 663 994 videret,
682 917 817 996 statuit,
836 921 876 984 ut
892 919 1115 1004 quaestionem
1125 919 1230 998 illam
1247 921 1362 984 utrum

139 1021 258 1088 divites
274 1020 441 1087 christiani
458 1019 537 1086 faeti
551 1019 774 1132 possessiones
786 1041 863 1085 suas
878 1041 1007 1108 quoquo
1021 1023 1116 1091 modo
1135 1023 1225 1090 totas
1245 1021 1362 1088 distri-

138 1123 238 1192 buere
251 1123 416 1200 deberent,
431 1145 490 1188 nec
504 1145 563 1200 ne,
588 1145 667 1188 sana
681 1121 877 1188 narrationis
893 1121 957 1188 de
948 1147 1063 1192 iuvene
1073 1124 1180 1190 divite
1194 1124 1360 1212 interpre-

138 1227 263 1294 tatione
284 1225 326 1292 ad
341 1225 499 1292 sedandos
515 1223 640 1290 animos
657 1222 805 1290 solveret.
849 1223 966 1312 Itaque
989 1223 1122 1314 scripsit
1141 1223 1278 1292 librumr
1307 1224 1360 1298 Τίς

140 1331 156 1395 ὁ
173 1331 342 1413 σωζόμενος
358 1327 513 1398 πλούσιος.
557 1323 604 1392 Et
618 1325 698 1392 illud
713 1327 841 1413 quidem
856 1346 929 1394 esse
949 1327 1019 1394 eius
1039 1319 1208 1412 eonsilium
1224 1349 1266 1392 ex
1287 1326 1359 1414 ipso

139 1419 213 1496 libri
228 1429 370 1518 proemio
385 1429 506 1516 optime
527 1429 681 1496 dicemus.
724 1426 809 1496 Esse
823 1430 909 1509 enim
924 1430 1060 1513 diuites,
1086 1427 1135 1495 ait
1153 1429 1187 1495 in
1203 1426 1287 1517 Cap.
1303 1429 1358 1502 11,

138 1531 204 1619 qui,
220 1553 318 1619 quum
334 1531 528 1606 audiissent,
553 1553 650 1622 quam
665 1525 794 1599 difficile
814 1536 904 1600 esset
923 1530 1017 1598 diviti
1036 1529 1157 1597 bomini
1181 1531 1305 1614 intrare
1326 1531 1357 1596 in

137 1656 274 1722 regnum
293 1635 469 1712 coelorum,
498 1633 610 1700 animo
632 1633 784 1702 cadentes
806 1635 900 1721 quasi
918 1633 1022 1700 vitam
1041 1635 1206 1698 aeternam
1227 1633 1359 1699 minime

137 1736 354 1818 consecuturi,
370 1737 526 1822 tanquam
540 1756 694 1826 praesens
716 1737 786 1803 vita
806 1737 874 1806 sola
893 1736 975 1826 ipsis
994 1733 1119 1822 reliqua
1138 1737 1241 1814 esset,
1265 1757 1286 1802 a
1306 1735 1359 1801 via
1401 1753 1405 1762 ·

138 1840 271 1907 coelesti
289 1837 434 1926 longius,
457 1861 554 1928 quam
575 1840 672 1903 antea
693 1837 911 1917 deverterat,
934 1861 994 1905 nec
1013 1837 1277 1926 pervestigantes
1298 1861 1358 1904 nec

138 1941 222 2008 serio
237 1941 486 2018 considerantes,
502 1961 659 2026 quosnam
675 1939 836 2008 Dominus
852 1945 886 2008 et
896 1939 1023 2008 Doctor
1034 1940 1214 2030 appellaret
1223 1939 1356 2026 divites,

137 2067 196 2110 neo
222 2043 274 2109 dei
298 2042 534 2131 perpendentes
555 2043 833 2131 omnipotentiam.
876 2041 971 2110 Alios
993 2047 1103 2110 autem
1123 2041 1204 2108 illud
1226 2042 1355 2132 quidem

137 2145 272 2212 Domini
286 2147 409 2212 dictum
423 2147 510 2210 recte
519 2143 751 2233 intelligentes,
774 2145 1076 2233 haeiutelligentia,
1105 2169 1170 2236 qua
1188 2142 1356 2233 possidere

136 2251 301 2327 deberent,
324 2247 418 2338 quasi
432 2271 495 2314 non
510 2247 725 2336 possiderent,
746 2247 918 2315 abutentes
941 2248 1184 2316 beneficentiam
1204 2249 1247 2314 ad
1269 2247 1355 2315 salu-

137 2357 204 2420 tem
219 2349 467 2439 comparandam
482 2349 657 2437 negligere,
677 2355 794 2416 utnon
808 2351 926 2428 minus,
942 2373 1039 2441 quam
1053 2349 1116 2428 illi,
1138 2373 1197 2438 spe
1213 2349 1356 2416 destitu-

137 2458 278 2534 erentur.
309 2453 402 2535 Quae
418 2475 516 2542 quum
530 2451 578 2517 ita
595 2453 672 2530 sint,
689 2449 851 2532 Clemens,
867 2475 971 2543 neque
985 2451 1172 2542 petulanter
1185 2453 1221 2517 in
1235 2449 1355 2520 divites

128 2545 304 2622 'aDomino
319 2557 452 2622 vocatos
467 2575 501 2620 se
516 2555 591 2641 gest
591 2577 670 2620 urus
685 2577 790 2644 neque
804 2558 918 2621 eontra
929 2553 1192 2622 lucricausaillis
1204 2557 1354 2622 assenta-

136 2662 242 2734 turus‚
257 2659 395 2746 primum
412 2655 473 2722 sibi
487 2655 650 2744 proponit,
674 2659 714 2722 ut
727 2657 816 2723 verbi
831 2657 1094 2746 praedicatione'
1084 2681 1212 2724 inanem
1228 2679 1272 2723 ex
1287 2659 1354 2725 ani-

95 2817 96 2820 ,
136 2761 324 2826 missorum
344 2763 467 2826 metum
488 2759 609 2826 eximat
626 2759 778 2854 iustaque
797 2760 968 2826 verborum
988 2759 1121 2826 Domini
1140 2759 1350 2848 expositione,

134 2887 200 2930 non
214 2862 344 2928 omnino
358 2862 506 2951 repulsos
521 2883 575 2928 eos
591 2884 663 2929 esse
678 2862 720 2929 ab
733 2849 936 2930 haereditate
953 2863 1064 2950 regni
1060 2861 1237 2941 'coelorum
1261 2863 1350 2930 ‹lanr-

94 3025 97 3036 ι
134 2965 229 3032 modo
243 2965 332 3030 'dieto
347 2963 534 3032 'obedientes
541 2965 703 3032 mandata
717 2969 947 3056 exsequantur,
967 2967 1078 3054 aperte
1093 2963 1266 3042 ostendat,
1291 2987 1352 3031 non

133 3069 236 3156 rgrtur
248 3067 445 3146 timendum
465 3067 522 3134 ubi
537 3069 646 3134 nullus
658 3068 802 3136 timendi
822 3067 930 3146 locus3
962 3069 1038 3134 tum
1053 3089 1130 3134 vero
1152 3089 1207 3132 eos
1240 3065 1353 3134 docere

29 3206 32 3220 ·
133 3172 214 3250 vult
230 3170 348 3262 quibus
363 3170 513 3258 operibus
530 3193 604 3258 spes
621 3169 689 3236 alat
674 3173 743 3249 t,ur
765 3193 847 3260 quae
871 3192 976 3272 neque
996 3168 1191 3236 absolute
1162 3191 1210 3236 ers
1230 3173 1353 3258 negata

132 3275 189 3351 sit,
203 3295 307 3362 neque
317 3295 412 3362 quas1
401 3273 543 3362 sponte
550 3276 699 3338 occurrat
710 3273 865 3340 adversus
876 3261 1014 3340 hominis
1024 3271 1161 3340 liberum
1172 3270 1352 3340 arbitrium.

130 3375 181 3442 Et
194 3375 273 3442 haec
287 3375 416 3464 quidem
431 3397 449 3440 e
464 3373 571 3462 capite
585 3373 647 3440 1112
662 3375 882 3462 cognovimus
912 3373 1031 3463 Capite
1045 3373 1250 3466 deniqueIV.
1264 3372 1352 3440 brevi

131 3478 302 3546 eonsilium
321 3477 547 3565 complectitur
565 3476 616 3542 his
635 3477 752 3544 verbis.
796 3477 867 3545 Det
889 3477 993 3566 igitur
1010 3477 1104 3544 nobis
1124 3477 1294 3554 Servator,
1316 3477 1352 3542 ut

131 3579 206 3648 binc
219 3579 381 3646 ordientes
397 3599 585 3657 sermonem,
604 3600 692 3658 vera,
722 3579 839 3646 decora
853 3579 1057 3670 salubriaque
1071 3578 1228 3646 iratribus
1243 3578 1351 3647 eonfe-

55 3713 58 3736 ν
131 3705 253 3761 ramus,
268 3681 408 3771 primum
423 3680 466 3746 ad
481 3683 690 3770 spemipsam
704 3681 914 3760 adducentes,
931 3681 1102 3750 deindead
1115 3703 1164 3759 ea,
1181 3693 1267 3770 quaa
1283 3680 1351 3768 spei

102 3787 298 3876 augendae
326 3784 519 3852 conducunt.
567 3784 680 3874 Atque
694 3785 747 3852 ille
764 3785 895 3875 quidem
918 3807 1023 3853 sermo
1047 3783 1274 3870 indigentibus
1287 3783 1351 3851 lar-

129 3890 231 3978 gitur,
250 3891 404 3976 rogantes
426 3887 531 3964 docet,
554 3885 652 3953 solvit
671 3887 900 3974 ignorantiam,
920 3887 1179 3978 desperationem
1194 3885 1350 3974 expellit3

125 3992 262 4059 ‘eosdem
285 4011 399 4056 rursus
427 3988 468 4054 de
494 3988 651 4056 divitibus
678 4008 841 4056 sermones
860 3991 1035 4068 inducens,
1062 3989 1118 4080 qui
1137 3987 1202 4078 ipsi
1219 3988 1349 4080 seipsos

126 4093 386 4188 interpretantur
399 4095 536 4181 tutoque
550 4093 726 4180 exponunt.
768 4090 877 4158 Nihil
896 4091 1069 4160 enimsio
1082 4090 1211 4170 iuvet,
1234 4091 1349 4182 quiam

81 4257 85 4266 .
126 4196 218 4285 ipsa
240 4215 383 4262 rursus
405 4194 546 4260 audire
566 4194 701 4273 verba,
724 4215 827 4284 quaa
851 4195 892 4262 in
905 4193 1144 4282 Evangeliia
1165 4215 1239 4264 vens
1258 4194 1348 4286 qni·

126 4299 230 4377 dem,
263 4298 366 4365 haud
398 4297 539 4362 merito
567 4297 793 4364 examinata
821 4317 946 4387 neque
972 4301 1086 4366 reclte
1111 4296 1347 4368 intellectas

126 4399 202 4470 aad
219 4421 288 4489 pro
307 4399 485 4467 infantia
503 4402 644 4476 restra
668 4402 837 4489 accepta
862 4397 1129 4484 conturbant..
1160 4396 1322 4482 Quibus
1311 4421 1345 4474 ur

127 4503 290 4594 prooemio
304 4501 474 4592 expositis,
497 4499 678 4570 Clemenst
662 4505 769 4570 totum
784 4502 976 4622 colloquium
990 4501 1126 4626 Domini
1139 4509 1213 4622 eum
1227 4500 1344 4606 iuvene

127 4605 229 4676 divite
242 4606 494 4696 transscriptum
509 4627 668 4696 exponere
680 4603 831 4695 rnorprt.
822 4639 864 4662 ι·-
917 4655 920 4664 .
1241 4623 1246 4632 “
