2820 5052
616 343 678 408 251
727 375 733 383 ·

51 523 119 592 nihil
132 525 273 615 amplius
287 525 481 607 elaboravit,
501 530 560 596 aut
574 551 657 624 quae
670 530 840 618 praeterea
858 523 1052 602 elaboravit,
1073 525 1254 619 temporum

50 627 155 694 iniuria
169 628 347 716 perierunt.
392 628 592 698 Odamnum
605 631 744 698 maxime
759 627 945 696 dolendum!
1075 688 1078 700 .

102 729 275 818 Reliquum
286 736 347 811 est,
359 735 398 800 ut
411 733 511 812 brevi,
527 736 578 799 nia
589 735 696 820 ἠθικὸν
707 734 796 818 λόγον
813 736 937 819 septem
950 729 1151 796 Stromatum
1163 725 1254 792 libris

49 831 224 900 absolutum
241 857 324 916 esse,
348 835 527 902 ostendam.
570 831 658 902 Utar
678 838 788 902 autem
808 833 912 921 ipsius
935 827 1254 911 Clementisverbis.

49 932 101 1008 llis
116 933 257 1013 anobis,
272 937 379 1024 inquit
393 939 434 1004 ad
450 938 547 1004 linem
561 937 636 1004 libri
651 937 719 1006 VII
739 935 876 1003 tendens
884 982 894 1013 ,
915 938 1012 1000 anteo
1032 931 1254 1021 pertractatis,

48 1033 205 1120 loroque
227 1038 370 1104 morali
397 1038 512 1106 nobis
541 1038 766 1106 sur'nmatim
794 1037 1023 1126 passimque
1051 1033 1255 1120 desoripto
1337 1060 1349 1088 x

48 1181 111 1206 .....
122 1137 157 1202 id
167 1141 408 1226 aggrediamur,
424 1143 511 1230 quod
522 1134 634 1212 sumus
646 1140 793 1232 polliciti,
806 1141 829 1206 i.
838 1162 866 1208 e.
879 1139 921 1204 ad
932 1160 969 1203 ea
975 1135 1157 1213 tractanda,
1172 1155 1255 1222 quae

48 1259 135 1326 supra
146 1241 437 1329 enucleavimus1).
467 1245 572 1314 Addit
583 1249 692 1330 eutem
707 1243 862 1330 dogmata
875 1240 927 1306 hie
940 1238 1007 1304 illie
1020 1239 1168 1326 inspersa
1182 1259 1255 1304 esse

47 1361 91 1418 eo,
110 1365 193 1432 quae
215 1330 260 1410 ad
281 1345 497 1432 cognitionem
517 1347 722 1414 excitandam
747 1345 869 1410 fuerint
887 1342 1018 1418 idonea3
1041 1363 1106 1407 non
1126 1339 1256 1426 quidem

47 1444 162 1527 τὴντῶν
184 1449 347 1532 δογμάτων
362 1452 509 1532 (πάντων)
528 1443 670 1536 demptos,
696 1448 753 1515 sed
770 1445 898 1534 singula
912 1445 1076 1531 dogmata,
1100 1442 1169 1509 sine
1183 1443 1256 1528 qui-

47 1541 97 1608 bus
111 1548 257 1632 gnostici
272 1547 379 1636 imago
392 1539 532 1617 deseribi
552 1574 618 1617 non
632 1551 750 1640 potuit
792 1550 863 1615 Iam
875 1569 954 1616 vero
969 1547 1039 1613 looo
1054 1545 1165 1612 morali
1180 1567 1254 1632 per-

46 1645 193 1728 tractato,
214 1649 367 1718 huiust
333 1656 367 1718 et
368 1652 432 1719 iam
445 1655 702 1742 pertractandi
685 1655 771 1721 ratio
785 1675 918 1720 munere
934 1673 992 1720 suo
1000 1648 1178 1766 perfuncta
1192 1649 1254 1714 est

46 1745 148 1846 lisque
165 1747 356 1819 Clemens
336 1777 441 1842 ipsam
455 1755 628 1826 relicturus
643 1757 788 1824 defendit
801 1779 873 1822 eam
888 1747 1073 1844 postremo.
1103 1749 1255 1836 Denique

46 1847 114 1916 libro
120 1847 189 1920 VH
202 1850 364 1946 simulque
373 1858 436 1924 tot·
426 1881 502 1926 ιτοο
486 1859 626 1946 ἠθικοῦ
639 1861 729 1944 λόγου
743 1855 953 1948 descriptioni
962 1853 1078 1920 finem
1069 1869 1255 1949 imponensr

47 1953 169 2068 „Atque
184 1958 279 2036 adeo,
300 1957 416 2049 inquit,
437 1962 514 2048 post
532 1959 618 2026 huno
640 1965 713 2050 sept
714 1963 813 2028 imum
835 1959 876 2028 St
877 1962 1038 2025 rometam
1058 1943 1192 2034 librum,
1213 1955 1254 2021 de

47 2053 83 2120 eis
111 2062 194 2145 quae
228 2059 380 2149 deinceps
407 2066 606 2152 sequunt‚ur
644 2061 690 2128 ab
720 2063 801 2128 alio
835 2061 1035 2152 principio
1062 2057 1254 2124 faciemus

46 2153 390 2247 disputationemf‘
435 2161 529 2248 Quae
557 2163 656 2232 verba
686 2169 851 2254 postrema
875 2163 961 2231 haud
985 2159 1103 2228 reete
1093 2183 1127 2225 ιο
1129 2163 1253 2248 t-erpro
1317 2187 1320 2199 ·

46 2257 224 2330 tantuivirr
213 2261 326 2332 dooti
339 2265 446 2332 hisee.
470 2251 577 2334 aliud
600 2289 797 2332 sumemus
820 2263 1032 2352 exordium.
1077 2263 1160 2330 Nam
1176 2261 1254 2349 quid

47 2355 95 2426 hoe
115 2363 177 2431 sibi
202 2365 316 2434 vellet·
339 2371 416 2458 post
435 2367 530 2435 huius
551 2367 624 2434 libri
649 2367 745 2437 finem
766 2345 854 2434 aliud
877 2390 1039 2451 sumemus
1065 2365 1254 2433 exordium?

47 2460 118 2540 Hoo,
133 2468 243 2546 oredo,
259 2472 468 2558 pronuntiare
484 2494 757 2562 supervacaneum
773 2475 871 2538 esset.
907 2469 1035 2536 Deinde
1049 2490 1125 2534 vero
1140 2467 1253 2552 λόγος
1389 2484 1391 2494 “

47 2565 163 2636 minime
179 2563 346 2658 siginificat
371 2573 590 2652 exordium,
614 2575 672 2640 sed
690 2573 751 2640 hoo
770 2574 840 2642 loeo
861 2572 1105 2641 dissertatio
1106 2569 1252 2660 potius,

46 2668 268 2778 veldisputa
249 2678 333 2740 ιο
353 2678 438 2761 est
458 2673 697 2762 Atqueverba:
736 2676 787 2742 ἀπ’
815 2677 933 2762 ἄλλης
964 2654 1254 2764 oippqcindioanl

47 2789 151 2839 novum
162 2769 327 2867 quoddam
343 2777 530 2866 disputandi
545 2801 660 2866 genus,
675 2801 740 2844 non
754 2779 802 2844 ita
817 2779 945 2870 quidem
960 2801 1090 2855 novum,
1106 2779 1145 2842 ut
1157 2773 1251 2844 Stro-

47 2875 157 2942 matum
173 2881 291 2946 natura
309 2877 426 2968 plane
447 2879 631 2966 tolleretur,
655 2880 713 2948 sed
727 2883 837 2946 tamen
862 2882 1055 2947 mutatum
1073 2894 1131 2979 pro
1146 2899 1252 2944 rerum

48 2971 282 3050 lraotander'um
298 2979 492 3048 discrimine.
540 2995 545 3003 “
625 3062 628 3076 ¹

48 3129 239 3150 x·*—-—---..----

93 3233 118 3302 1)
129 3253 154 3306 r·
165 3235 227 3297 ⁰⁰1·
268 3193 270 3202 ,
