2820 5052
648 329 850 428 gra„

91 530 95 539 ¹
141 513 304 584 lecticis
318 511 468 580 versatur
484 523 705 605 summamque
723 515 845 606 ubique
856 513 1244 603 flagitst'demonstrandi
1263 537 1364 588 eccm

138 608 357 692 rationem·et
370 615 645 706 consequentiam,
669 619 700 685 si
727 618 782 690 bic
803 619 907 708 igitur
934 617 1015 688 liber
1043 618 1237 688 obscurus
1260 624 1365 700 esset,

139 720 241 788 hano
266 719 394 810 ipsam
421 717 468 786 ob
494 741 653 787 causam
681 719 723 788 de
747 743 785 788 eo
809 721 960 789 dubitare
984 721 1168 810 inciperem.
1220 723 1367 793 Accedit

138 826 261 903 autem
285 823 372 913 quod
387 820 538 888 Clemens
551 821 624 910 ipse
638 824 743 890 totam
764 823 954 918 disputandi
967 823 1125 892 ratiuuem
1144 825 1221 892 inde
1240 849 1260 894 a
1279 825 1366 893 libro

140 927 227 994 VIII
239 925 431 1004 mutandam
446 939 525 992 esses
534 924 596 991 sub
609 923 706 992 hem
717 925 791 992 libri
807 925 874 994 VII
889 926 974 992 baud
989 926 1126 996 obscure
1140 928 1283 1008 indicet3
1297 951 1367 1018 qua

140 1029 181 1096 de
194 1023 294 1097 musa
308 1028 407 1094 etiam
422 1027 563 1094 latenter
576 1049 616 1094 ac
629 1028 768 1114 mystice
784 1028 944 1095 scribendi
958 1029 1240 1120 rationem,'quam
1255 1017 1371 1120 usque*

140 1131 283 1198 adhunc
304 1131 411 1197 locum
427 1135 560 1216 secutus
576 1130 631 1210 sit,
646 1133 751 1200 denuo
766 1129 926 1209 defendit,
942 1131 976 1198 id
991 1134 1077 1222 qnod
1091 1133 1124 1199 in
1138 1133 1261 1200 nullius
1277 1134 1365 1202 aliua

138 1232 215 1300 libri
228 1233 292 1298 fine
307 1231 396 1299 iecit.
426 1234 494 1301 Sed
508 1234 548 1300 de
561 1232 623 1298 hac
636 1253 671 1298 rc
685 1235 802 1320 postea
816 1231 919 1320 plura.
955 1234 1142 1304 Dictionem
1151 1239 1268 1304 ,uetera
1281 1257 1364 1302 ean-

136 1335 212 1403 dem
229 1357 302 1402 esse
316 1358 383 1402 non
397 1337 502 1404 solum
522 1335 629 1426 quoad
643 1335 887 1423 grammaticam
901 1335 1073 1404 verborum
1092 1338 1361 1426 compositionem

139 1439 478 1528 constructionemque
498 1438 652 1519 dicimus,
682 1438 861 1515 sedetiam
880 1439 966 1529 quod
986 1440 1106 1506 attinet
1132 1442 1174 1507 ad
1190 1441 1363 1519 vocabula,

138 1541 257 1632 quibus
274 1538 426 1608 Clemens
441 1541 547 1608 utitur
561 1539 656 1629 qnasi
669 1541 806 1628 privatis
822 1563 862 1608 ac
873 1541 951 1608 suia.
982 1542 1092 1624 Quum
1109 1543 1194 1610 enim
1205 1543 1363 1614 Clemens

137 1645 319 1722 doctrinam
333 1643 556 1721 christianam,
577 1643 629 1708 vel
643 1647 747 1710 totam
763 1643 905 1709 divinam
924 1645 1152 1733 revelationem
1163 1641 1289 1714 xvereare
1308 1671 1363 1719 eo·

137 1747 205 1814 leat
219 1745 456 1836 philosophiam
471 1745 652 1826 berberem,
667 1750 719 1834 τὴν
735 1749 887 1835 βάρβαρον
899 1751 1092 1834 φιλοσοφίαν
1108 1752 1143 1814 et
1153 1748 1236 1834 banc
1246 1751 1365 1839 appel-

136 1848 291 1916 lationem
307 1852 441 1916 excuset
459 1852 499 1916 ut
520 1869 612 1914 suam
630 1848 848 1936 propriam1)=
874 1847 953 1916 haec
972 1849 1046 1937 ipsa
1066 1850 1180 1918 statim
1198 1851 1237 1918 in
1251 1853 1364 1940 primo

136 1951 245 2040 eapite
270 1949 349 2043 libri
371 1949 457 2018 VIII
482 1952 634 2020 occurrit.
683 1951 858 2044 Praeterea
882 1954 992 2018 autem
1016 1951 1098 2019 aliae
1121 1975 1217 2020 voces
1242 1953 1364 2022 obviae

135 2055 232 2133 eunt,
256 2075 338 2144 quas
371 2052 523 2122 Clemens
555 2055 780 2132 adamaverat,
810 2053 901 2119 velut
918 2083 921 2088 ·
937 2055 1155 2142 ἐπιστημονικὴ
1192 2057 1362 2144 eseptff),

134 2164 257 2244 γνῶσις,
274 2177 357 2245 quae
370 2155 410 2222 fit
424 2161 671 2244 καταληπτικῶς,
688 2155 756 2245 eive
771 2165 879 2241 γνῶσις
895 2159 1153 2244 καταληπτικήΞ).
1197 2157 1266 2226 Sed
1278 2159 1364 2226 haec

135 2259 176 2324 de
201 2259 342 2328 dictione
368 2257 535 2326 hactenus.
584 2257 713 2324 Deinde
742 2260 851 2324 auum
870 2255 1073 2350 defqnitiones
1093 2261 1251 2347 quaedam
1271 2261 1362 2330 haud

134 2360 303 2448 vulgares,
332 2383 415 2450 quae
429 2361 464 2426 in
477 2361 559 2426 libro
584 2359 666 2426 VIII
684 2362 892 2438 statuuntur,
920 2359 956 2424 in
975 2361 1091 2426 ceteris
1110 2362 1202 2429 libris
1219 2385 1359 2453 prorsus

134 2463 266 2530 easdem
282 2485 317 2528 se
331 2462 454 2530 habent
467 2485 532 2528 non
546 2464 732 2540 retentum,
749 2461 806 2528 sed
817 2461 1002 2528 adverbum
1013 2463 1210 2556 plerumque.
1230 2467 1357 2539 Eram.

74 2595 78 2606 ι
133 2565 189 2654 pla
203 2566 344 2632 afferam.
379 2563 420 2630 ln
434 2565 538 2652 primo
552 2565 655 2651 igliur
665 2565 786 2632 Strata.
800 2563 900 2643 libro,
920 2589 953 2653 p.
970 2567 1032 2632 367
1040 2613 1047 2643 ,
1069 2567 1109 2634 de
1124 2591 1162 2635 eo
1177 2571 1359 2660 quaeritur,

132 2667 168 2734 in
183 2687 248 2758 quo
262 2666 548 2745 consistateausa,
563 2669 598 2730 τὸ
611 2665 718 2733 αἴτιον.
760 2665 888 2733 Desinit
911 2670 1021 2736 autem
1045 2671 1109 2738 ita:
1143 2677 1244 2758 ραρὲν
1273 2677 1358 2760 δὴ...

131 2769 165 2835 τὸ
182 2772 276 2836 αἴτιον
292 2771 323 2836 ἐν
339 2772 384 2856 rqi
399 2773 495 2835 ποιεῖν
510 2771 562 2836 καὶ
577 2771 709 2854 ἐνεργεῖν
723 2772 775 2836 aal
788 2773 859 2858 δρᾶν
876 2772 1022 2836 νοεῖοθαι.
1064 2773 1172 2863 Atqui
1185 2773 1221 2839 in
1231 2773 1253 2840 l·
1261 2775 1355 2844 VIII.

129 2893 163 2960 ρ.
184 2871 259 2938 931.
278 2868 358 2939 haed
378 2873 470 2937 eant:
494 2873 526 2938 ἐν
547 2873 604 2957 γὰρ
617 2874 662 2958 τῷ
680 2874 811 2959 ἐνεργεῖν
831 2875 884 2938 καὶ
909 2875 982 2960 δρᾶν
1003 2899 1031 2940 τι
1050 2877 1084 2940 τὺ
1110 2878 1205 2942 αἴτιον
1229 2885 1354 2946 νοεῖται.

129 2971 233 3040 Porro
247 2971 298 3051 id,
322 2975 408 3064 quod
422 2997 487 3042 non
502 2973 683 3062 prohibeat,
703 2995 768 3040 non
783 2996 855 3042 esse
870 2995 1002 3042 caueam
1016 2979 1155 3067 utroque
1173 2978 1245 3047 loeo
1266 2981 1356 3048 altir-
1382 2987 1387 3003 ‘

124 3083 256 3156 'matun
277 3076 378 3166 priori
392 3079 502 3144 autem
521 3075 617 3144 huius
633 3077 679 3142 rei
694 3077 778 3144 ratio
792 3077 843 3144 his
858 3077 966 3176 verbis
986 3078 1150 3146 redditur:
1186 3082 1222 3146 rb
1241 3083 1283 3148 be
1315 3087 1355 3170 μὴ

131 3179 254 3246 subdor
281 3183 362 3246 aurci
387 3203 422 3264 γε
452 3185 544 3245 τοῦτο
576 3177 793 3266 contepmta
827 3183 863 3247 et
883 3181 985 3248 altero
1005 3181 1068 3248 ita:
1106 3185 1204 3269 τὸμὴ
1231 3187 1356 3252 amittae

111 3281 330 3367 ,ἀνενέργητόν
346 3283 440 3348 ἐστιν.
483 3280 629 3346 Additur
650 3284 760 3346 autem
776 3283 811 3348 et
830 3281 877 3348 ibi
891 3285 926 3349 et
943 3283 1000 3350 hic
1014 3285 1109 3352 αἴτιον
1130 3303 1207 3351 vero
1226 3308 1301 3354 esee
1322 3289 1354 3352 τὸ

129 3381 259 3450 amata.
313 3381 399 3446 Tum
425 3404 507 3470 quac
529 3381 569 3448 de
590 3383 889 3466 demonstratione,
915 3388 970 3472 τὴν
992 3388 1091 3452 πίστιν
1116 3387 1355 3477 ἐπνστημοννέὴν

130 3481 287 3570 gignente
301 3505 334 3571 p.
350 3484 423 3552 454.
440 3483 662 3571 disputantur,
678 3507 765 3563 eare
775 3487 905 3573 quidem
918 3487 1039 3554 suntin
1050 3489 1171 3576 p.916;
1186 3489 1355 3582 multaque

128 3583 193 3652 alia
206 3585 257 3652 his
272 3585 403 3680 paginis
420 3585 539 3652 similia
552 3585 770 3655 continentur.
812 3589 942 3656 Deinde
962 3612 996 3678 p.
1016 3591 1079 3656 435
1095 3591 1199 3658 omnis
1216 3593 1354 3662 saeuas

129 3690 243 3756 nostra
261 3687 401 3755 refertur
421 3687 464 3756 ad
489 3691 539 3757 τὸν
568 3696 637 3758 νοῦν
663 3715 697 3757 τε
717 3695 769 3758 καὶ
787 3693 938 3779 αἴσθησιν,
964 3713 1101 3779 quorum
1120 3715 1292 3766 commune
1311 3695 1354 3766 eit

129 4009 198 4079 aoth
211 4023 240 4079 au
252 4007 362 4072 atteret.
398 4009 538 4078 Quartam
550 4024 658 4082 temere,
678 4018 879 4084 inconsiderate,
902 4019 1004 4088 fereque
1014 4020 1145 4090 pueriliter
1160 4025 1278 4082 iudicata
1288 4027 1349 4082 mibi

128 4114 183 4150 esse
194 4099 319 4163 videntur,
336 4106 366 4152 ut
377 4103 441 4152 nihil
452 4119 566 4170 unquam
578 4107 610 4156 de
621 4104 673 4154 ullo
685 4107 813 4169 scriptore,
829 4107 878 4158 nisi
889 4109 944 4174 ipse
955 4123 1013 4160 eum
1024 4112 1172 4174 inspexero,
1185 4113 1288 4172 airam
1299 4129 1348 4166 cre.

127 4184 246 4238 diderim.
268 4184 318 4238 Sed
329 4201 408 4252 quum
417 4189 467 4238 sint
478 4189 506 4238 in
518 4191 662 4240 universum
674 4191 751 4254 dicta,
764 4192 876 4258 singulas
887 4197 1074 4250 criminationes
1087 4199 1129 4248 hic
1138 4197 1235 4250 diluere
1244 4215 1345 4268 nequeo.

127 4269 167 4322 Of.
179 4271 287 4338 tamen§
300 4269 325 4326 8.
359 4273 400 4322 De
415 4271 471 4322 Vit.
490 4274 652 4328 Temeritatis
665 4282 751 4328 autem
767 4277 843 4332 huius
859 4281 907 4332 viri
922 4281 950 4334 in
966 4283 1102 4340 iudicando
1118 4283 1260 4352 Clemente,
1277 4301 1346 4340 eoos·

125 4355 196 4408 sione
207 4357 276 4420 date,
288 4358 416 4419 specimen
427 4373 609 4427 nomunqnam
622 4365 759 4424 praestabo
771 4363 847 4416 infra.

180 4439 206 4504 ¹)
223 4430 349 4500 Strom21.
361 4458 387 4510 p.
399 4441 462 4500 att.

179 4525 205 4590 ¹)
222 4539 247 4590 ρ.
260 4525 319 4582 914.
448 4550 452 4556 ·

134 4669 138 4680 ⁴
177 4609 204 4678 ¹)
221 4612 286 4666 Ibid.

359 4781 366 4824 l
