2884 5058
645 429 648 434 1
757 325 822 394 284

178 511 297 592 solum,
327 513 418 600 sequi
437 509 473 578 id
491 535 532 580 ex
549 513 623 602 ipsa
641 513 791 604 opinione
811 510 989 600 Pyrrhonis
1003 509 1153 600 explosa,
1182 507 1371 578 tamenidem

177 633 308 703 prorsus
323 614 365 682 ab
379 615 452 704 ipso
466 615 611 704 probari,
632 621 766 706 propter
782 614 1015 683 sententiarum
1037 611 1290 695 coniunctionem
1308 631 1370 678 eou-

176 717 349 784 oedendem
364 721 427 784 est.
864 729 868 744 ·

240 819 334 904 Quae
349 843 448 908 quum
463 821 511 884 ita
526 820 608 902 sint,
630 821 695 886 iam
715 817 929 907 cognoscendi
943 818 1047 896 mam,
1069 817 1173 904 qualis
1189 837 1209 882 a
1224 812 1371 882 Clemente

175 926 264 990 recta
280 924 447 1000 habeatur,
463 922 665 1008 indagemus.
711 923 776 989 Sed
790 944 849 1010 pro
863 923 934 988 arte
949 923 984 988 et
998 921 1152 988 instituto
1166 919 1277 986 uostm
1289 917 1368 1001 iuti
1416 968 1417 996 ,

174 1025 204 1090 h.
220 1047 247 1092 c.
264 1027 412 1114 exposito
427 1024 515 1090 aliud
534 1025 623 1112 prius
638 1025 862 1112 inquirendum
884 1027 945 1090 est
988 1023 1073 1090 Nam
1092 1019 1304 1109 cognoscendi
1320 1018 1371 1095 via

174 1128 238 1194 nisi
249 1130 415 1218 explorate
426 1131 579 1215 percepta
590 1147 688 1192 causa
693 1129 908 1213 cognoscente
922 1126 991 1192 sive
1000 1124 1216 1211 cognoscendi
1222 1120 1370 1212 principio,

175 1230 260 1317 quod
275 1251 443 1307 vocamus,
468 1251 671 1315 nequaquam
689 1229 862 1295 invenitur.
906 1228 1012 1314 Atqui
1033 1225 1249 1316 cognoscendi
1269 1223 1369 1314 priuci-

173 1332 262 1420 pium
278 1353 318 1398 ex
332 1335 404 1398 tota
418 1331 556 1397 hominis
571 1331 677 1397 indole
692 1334 726 1398 et
736 1333 855 1397 natura
868 1329 1104 1418 explicandum.
1147 1331 1264 1416 Itaque
1278 1327 1316 1395 ab
1325 1325 1367 1392 ho·
1417 1363 1418 1402 3

173 1433 269 1505 minis
284 1439 402 1502 natura
413 1455 453 1502 ex
473 1430 652 1500 Clementis
668 1433 831 1502 sententia
845 1433 1009 1504 ordiamur
1022 1433 1245 1502 describenda.
1283 1499 1287 1508 ,
1417 1441 1418 1448 ’

570 1719 629 1787 De
651 1621 819 1789 hominis
841 1724 995 1790 natura.

237 1842 390 1908 Hominis
411 1840 514 1928 igitur
533 1843 683 1907 naturam
704 1839 856 1910 Clemens
877 1843 974 1908 docet
997 1861 1070 1908 esse
1089 1839 1268 1928 duplicem:
1288 1859 1370 1905 unam

169 1943 304 2011 rationis
320 1944 522 2033 participem,
534 1947 699 2032 expertem
713 1945 858 2012 alteram.
901 1945 1043 2022 Homo,
1063 1943 1188 2030 inquit,
1209 1967 1255 2010 ex
1273 1943 1370 2032 parto

129 2077 136 2092 ·
169 2047 341 2112 rationis
357 2047 557 2136 participe
572 2049 732 2112 constat
752 2052 791 2114 et
811 2047 941 2113 altera
960 2050 1141 2134 experte,
1163 2048 1322 2128 anima1)
1339 2043 1370 2108 et

170 2157 379 2238 corpore2).
430 2149 625 2237 Ubicunque
646 2145 796 2216 Clemens
826 2153 953 2216 totum
975 2148 1136 2215 hominem
1162 2148 1254 2215 brevi
1273 2143 1369 2212 defini-
1419 2126 1420 2160 ³

152 2251 256 2319 'tione
267 2251 437 2340 complecti
449 2251 534 2329 vult,
556 2251 723 2318 animam
744 2255 784 2319 ct
805 2273 947 2340 corpus
963 2273 1037 2318 eum
1051 2271 1124 2316 esse
1137 2247 1231 2320 dicit.
1274 2243 1371 2316 Veluti
1419 2269 1420 2294 i

167 2374 266 2442 quum
277 2377 441 2444 parvum
463 2353 645 2419 mundum
666 2375 739 2420 eum
754 2353 912 2443 appellet,
938 2353 1024 2420 hunc
1043 2352 1266 2441 explicaturus
1280 2349 1370 2417 addit:

168 2457 334 2523 animam
356 2459 396 2523 et
418 2457 615 2544 eorpus⁸).
659 2456 751 2523 Haec
780 2457 888 2522 autem
909 2455 1074 2522 artissimo
1102 2455 1188 2521 inter
1220 2453 1371 2522 seiuncta
1420 2512 1421 2536 ,

87 2609 89 2614 .
169 2562 247 2624 sunt
260 2557 398 2637 vinculo,
419 2559 458 2624 ut
472 2581 512 2623 ex
526 2557 614 2624 hisce
629 2557 755 2625 duabus
770 2558 919 2646 partibus
944 2581 1019 2626 una
1044 2557 1222 2644 eademque
1240 2559 1300 2624 liat
1315 2575 1370 2622 ua·
1420 2541 1421 2560 ¹

166 2663 257 2726 turs
276 2661 450 2737 humana.
480 2659 597 2750 Itaque
612 2659 730 2727 alicubi
745 2661 810 2726 tria
821 2661 855 2726 in
869 2660 998 2738 homine
1013 2683 1085 2728 esse
1099 2660 1284 2739 affirmans,
1292 2658 1368 2733 uam,

160 2751 380 2851 cupiditatem
402 2763 499 2852 (quae
515 2763 556 2828 ad
570 2785 687 2850 eorpus
703 2762 881 2850 pertinent,
902 2766 941 2829 ut
960 2763 1044 2830 inira
1063 2762 1365 2853 demonstrabimus),

167 2867 324 2932 rationem
341 2863 525 2952 (animam):
549 2865 576 2931 si
597 2865 681 2931 ratio
700 2865 838 2954 imperet
858 2867 925 2932 irae
945 2869 980 2932 et
999 2865 1188 2954 cupiditati,
1220 2865 1299 2932 haec
1318 2857 1367 2926 on

167 2967 274 3033 omnia
289 2968 385 3034 simul
399 2967 499 3034 idem
514 2967 584 3034 lieri
599 2969 709 3046 docet',
730 2968 889 3034 hominem
904 2969 1135 3054 gnosticum4).
1179 2967 1307 3034 Pendet
1322 2983 1368 3028 su·

166 3071 233 3136 tem
248 3070 432 3137 coniunctio
452 3071 577 3137 animae
591 3074 626 3137 et
639 3071 783 3159 corporis
798 3070 927 3136 omnino
947 3093 988 3137 ex
1006 3072 1144 3154 virtute3
1167 3093 1243 3137 nam
1258 3059 1368 3158 peccati

165 3173 291 3246 fructus
307 3175 359 3238 est
372 3195 471 3251 mors,
491 3174 512 3238 i.
526 3196 554 3239 e.
569 3171 714 3262 perfecta
733 3173 875 3260 corporis
896 3173 937 3238 ab
958 3174 1065 3253 anima
1086 3175 1294 3263 separati05).
1331 3166 1368 3234 Ei

165 3271 349 3340 huiusmodi
370 3275 499 3360 quidem
514 3275 710 3341 consociatio
730 3275 930 3364 atque'adeo'
950 3276 1112 3363 copulatio
1123 3275 1204 3359 ,fieri
1230 3270 1367 3364 potest,

121 3391 124 3396 “
167 3375 242 3462 quia
257 3397 374 3464 corpus
391 3379 426 3442 et
436 3377 543 3462 anima
558 3379 636 3442 sunt
650 3377 778 3466 quidem
790 3376 1223 3464 differentialiroioopo),
1252 3379 1289 3442 at
1304 3390 1368 3439 vero

166 3477 297 3546 minime
313 3479 520 3546 contraria
541 3479 744 3566 (ἐναντίαν).
789 3479 855 3546 Est
874 3479 1003 3565 quidem
1022 3479 1205 3547 differentia
1224 3477 1368 3566 quaedam

220 3771 245 3834 ¹)
263 3771 321 3822 Hac
337 3785 399 3822 voce
415 3771 520 3822 reddam
537 3773 630 3839 ubique
646 3757 774 3828 Graecum
791 3771 941 3847 vocabulum
956 3769 1059 3840 φυγῆς,
1079 3773 1151 3824 euius
1166 3772 1267 3826 variam
1283 3772 1330 3822 vin
1343 3779 1367 3816 ae

164 3857 376 3924 significationem
388 3871 449 3921 mpx
461 3871 600 3921 exponam.

218 3943 245 4006 ²)
263 3943 357 3996 Strom.
374 3939 422 3994 IV.
440 3958 467 4008 p.
485 3942 551 3999 tot:
572 3935 618 3996 Ἐκ
629 3943 772 4012 λογικοῦ
786 3941 835 3998 καλ
857 3935 984 4012 σἰλόγου
1004 3939 1177 4012 συγκείμενος
1192 3931 1368 4011 (ἅνθρωπος),

164 4026 271 4098 ψυχῆς
282 4025 330 4081 καὶ
342 4022 504 4096 σώματος.
614 4085 618 4096 ,

219 4113 246 4179 ⁸)
264 4113 346 4168 Protr.
358 4130 383 4180 p.
397 4114 427 4169 o:
447 4107 563 4182 σμικρὸν
573 4106 680 4184 κόσμον
689 4107 739 4168 τὸν
750 4105 913 4186 ἄνθρωπον,
925 4103 1016 4185 φυγήν
1026 4125 1055 4168 σε
1065 4110 1115 4168 καλ
1125 4111 1204 4184 σῶμα
1215 4108 1309 4168 αυτοῦ.

219 4197 244 4269 ⁴)
262 4198 356 4252 Strom.
368 4195 417 4250 111.
430 4215 455 4266 p.
468 4199 530 4254 ota.
659 4219 663 4228 ⁴
1076 4207 1078 4214 '

219 4283 245 4349 ὅ)
262 4283 280 4336 1.
294 4299 317 4340 c.
328 4301 352 4352 p.-
367 4284 435 4340 occa
453 4279 469 4340 ὁ
486 4283 537 4339 τοῦ
551 4277 750 4354 σῶμνυονιᾶκὸ
765 4286 815 4357 σῆς
830 4283 921 4356 φυγῆς
935 4280 1085 4357 χωρισμὸν,
1101 4287 1169 4342 sires
1185 4277 1307 4347 διάλυσιν
1319 4277 1368 4335 sor

164 4362 237 4437 πρὸς
247 4363 278 4422 τὸ
291 4370 371 4440 σῶμα
381 4369 431 4440 τῆς
441 4371 531 4440 ψυχῆς
542 4369 657 4440 δεσμοῖο.

220 4455 245 4522 ⁸)
263 4455 314 4510 lc.
332 4474 358 4525 p.
372 4456 437 4513 639:
453 4450 552 4527 ’Παρῆν
569 4449 604 4525 δὴ
623 4443 675 4512 οὖν
689 4451 748 4530 σὴν
764 4449 930 4514 σύνθεσιν
946 4457 998 4513 rosi
1014 4447 1171 4527 dodanim
1186 4449 1218 4510 ἐν
1233 4445 1369 4520 armate

163 4539 313 4613 γενομένην
325 4539 356 4600 ἐκ
367 4535 550 4613 διαφόρων
561 4535 733 4614 συνεστάναι,
750 4535 805 4599 ἄλλ’
816 4537 870 4602 οὔκ
881 4542 911 4613 ἐξ
926 4540 1107 4613 ἐναντίων,
1123 4533 1277 4613 σόμσςός
1288 4529 1367 4594 asaal

165 4627 262 4698 Wis-
538 4653 542 4662 ·
