2972 5048
113 532 154 599 ad
166 527 377 610 hortandum,
393 534 433 598 nt
447 521 671 602 Ciceronibus
684 553 788 621 genus
799 533 962 625 appellare
971 529 1088 621 planet,
1100 529 1327 620 apudvotsms

108 635 176 701 ruri
189 633 327 702 iumuut
338 635 376 720 ¹).
414 633 480 702 Sed
493 636 599 704 verba*
605 640 680 724 πρὸς
687 633 844 726 Ἕλληνας
858 633 1079 723 Hieronymus
1093 625 1329 723 interpretetur

108 735 292 815 „adversus
306 738 448 824 gentes“
454 761 463 816 3
487 761 584 824 quam
604 737 905 826 interpretationem
924 737 989 804 iam
1009 740 1105 802 antea
1124 733 1287 802 Eusebius
1297 745 1327 822 ²)

111 837 280 928 amplexus
295 857 370 906 esee
384 827 524 920 ridetur,
540 862 638 926 quum
660 843 695 907 et
708 839 840 906 Tatiani
859 842 893 906 et
913 834 1093 906 Clementis
1113 837 1231 903 librum
1251 839 1327 924 apl:

106 935 263 1026 Ἓλληνας
277 939 444 1008 sitsveritr
465 945 540 1030 πρὸς
555 943 594 1008 τὰ
609 943 695 1029 ἔθνη.
738 939 941 1024 Quinetiam
960 943 1093 1008 constat
1109 941 1196 1005 inter
1214 959 1327 1006 omnes

111 1043 177 1108 tam
198 1045 331 1108 veteres
352 1065 448 1129 quam
468 1043 619 1134 aequales
639 1047 782 1126 nostros,
808 1046 883 1132 πρὸς
895 1041 1051 1131 Ἕλληνας
1070 1042 1132 1110 hoc
1152 1041 1223 1108 loco
1247 1037 1328 1108 nihil

104 1142 299 1222 aliudesse,
318 1145 383 1212 nisi
404 1146 469 1225 „sd
489 1149 639 1234 gentes.“
679 1145 772 1236 Nihil
793 1165 870 1212 varo
893 1145 955 1212 hae
979 1146 1129 1235 opinione
1149 1168 1170 1211 a
1188 1145 1328 1212 veritate

104 1246 216 1333 magis
231 1245 384 1313 alienum.
416 1247 633 1315 Vehementer
648 1248 774 1328 saltem,
789 1248 870 1338 quin
883 1245 964 1313 illud
978 1248 1027 1314 ita
1042 1271 1077 1314 se
1091 1247 1220 1327 habeat,
1236 1249 1327 1339 equi.

103 1349 179 1415 dem
201 1348 332 1416 dubito.
367 1347 525 1435 Ἓλληνας
554 1351 667 1440 primis
692 1354 770 1444 post
798 1343 967 1416 Christum
992 1354 1105 1416 natum
1126 1351 1242 1418 secutis
1262 1369 1328 1419 non

107 1451 261 1522 Graecos
279 1451 393 1530 solum,
421 1453 478 1518 sed
498 1445 739 1518 in‘nnivereum
757 1453 857 1520 etiam
876 1473 1000 1531 omnes,
1021 1456 1151 1541 praeter
1169 1454 1326 1533 iudaeos,
1369 1498 1372 1512 ι

106 1548 262 1646 populos,
281 1554 338 1644 qui
352 1555 494 1621 nondum
509 1557 622 1621 esseut
636 1551 827 1634 Christiani,
847 1557 980 1622 vocatos
995 1574 1066 1622 ssse
1079 1545 1156 1634 seio,
1177 1553 1326 1644 inprimis

106 1657 309 1736 urbanitate,
330 1657 521 1736 eruditione,
542 1655 745 1724 humanitate
769 1660 913 1724 ornatos.
955 1654 1025 1724 Nec
1038 1679 1115 1723 vero
1132 1657 1182 1726 ita
1202 1657 1326 1725 factum

105 1782 181 1826 esse
196 1759 331 1847 largiar,
347 1753 520 1827 art-‘Graeci
536 1761 700 1850 proprium
726 1761 835 1850 gentis
855 1781 972 1826 nomen
992 1759 1105 1826 statim
1127 1759 1326 1828 amitterent.

107 1861 331 1952 Quapropter,
347 1861 530 1954 ubicunque
544 1863 600 1930 illo
619 1868 765 1956 tempore
784 1885 902 1930 nomen
916 1862 1074 1952 Ἑλλήνων
1094 1862 1245 1940 occurrit,
1267 1861 1325 1941 ibi,

109 1965 223 2030 utrum
238 1985 347 2031 omnes
362 1965 477 2052 gentes
494 1966 665 2052 significet,
681 1991 722 2034 an
737 1989 845 2046 unam,
862 1965 954 2031 euius
974 1965 1135 2054 proprium
1151 1967 1213 2042 est,
1231 1987 1325 2054 con-

113 2063 380 2132 siderandum.
403 2063 451 2132 Et
464 2067 525 2134 hoc
540 2069 667 2160 quidem
684 2069 754 2136 loco
773 2065 990 2136 consideranti
1005 2065 1085 2132 nihil
1101 2065 1206 2154 magis
1221 2066 1325 2132 mani-

106 2167 240 2246 festum,
261 2191 357 2259 quam
375 2169 520 2238 Graecos
536 2171 663 2262 proprie
678 2171 783 2240 dictos
800 2167 986 2257 significari.
1031 2167 1156 2235 Probat
1169 2165 1203 2234 id
1215 2171 1326 2236 autem

103 2269 179 2338 libri
204 2269 331 2339 indoles
352 2276 388 2340 et
414 2278 658 2363 argumentum,
687 2278 726 2341 ut
751 2271 945 2360 generaliter
967 2267 1004 2336 in
1027 2269 1107 2338 Vita
1132 2274 1195 2357 §L
1223 2293 1323 2360 expo-

104 2375 243 2442 suimus.
286 2375 477 2458 Nunevero
500 2377 628 2465 singula
648 2375 806 2468 quaedam
823 2372 1034 2466 proferamus.
1078 2369 1188 2455 Quum
1208 2373 1322 2460 igitur,

104 2479 160 2547 ubi
191 2479 332 2570 primum
343 2484 376 2567 8)
392 2503 455 2546 vox
467 2477 625 2566 Ἑλλήνων
642 2479 737 2547 obvia
751 2479 817 2555 ert,
832 2479 872 2543 de
887 2475 1070 2566 Amphione
1087 2497 1191 2542 sermo
1207 2475 1268 2553 sit,
1283 2475 1324 2542 de

103 2581 252 2671 Orpheo,
280 2580 321 2648 de
341 2579 464 2650 artifice
490 2583 627 2674 quodam
653 2583 788 2660 Thrace,
816 2579 856 2646 de
881 2577 1045 2647 Eunomo:
1068 2601 1160 2669 quos,
1187 2593 1337 2668 quaeso,

104 2681 263 2751 Clemens
283 2683 334 2752 his
355 2685 478 2752 verbis:
503 2689 581 2777 „qui
603 2708 679 2774 ergo
704 2683 823 2752 fabulis
844 2685 936 2751 vanis
958 2682 1220 2766 credidistis“⁴),
1242 2679 1322 2746 allo·

104 2785 231 2882 quitur·
251 2787 316 2854 nisi
337 2783 481 2854 Graecos
504 2789 610 2855 solos?
632 2790 666 2856 It
651 2794 781 2882 temque
804 2791 893 2876 myst
878 2787 961 2855 teria
981 2782 1174 2862 Eleusinia,
1179 2785 1322 2859 ,vestra“

103 2891 261 2984 appellet,
285 2893 437 2976 ὑμῶν
406 2915 443 2956 τα
460 2895 622 2978 μυστήρια,
644 2893 665 2960 i
682 2915 710 2963 e
730 2883 1320 2980 eorumquoscshortstur⁵).1mo

103 3017 284 3090 pronomen
300 2995 386 3080 ὑμεῖς
401 2993 476 3060 inde
490 3017 510 3059 a
524 3017 598 3084 pag.
568 2995 716 3062 valtero
730 3017 834 3083 usque
849 2994 935 3081 adp.
950 2990 1027 3068 95,
1018 3015 1040 3056 r.
1056 3011 1083 3054 e.
1098 2987 1320 3066 novissimam,

108 3097 290 3168 sexcenties
311 3100 515 3185 usurpatum,
536 3119 577 3162 ne
599 3097 698 3162 semel
723 3095 850 3187 quidem
876 3096 1005 3183 praeter
1030 3089 1174 3158 Graecos
1195 3089 1322 3180 proprie

109 3203 210 3272 dictos
239 3200 281 3268 ad
310 3195 409 3264 ullam
434 3197 529 3265 aliam
560 3206 691 3286 gentem
726 3195 881 3264 directo
915 3193 1077 3286 pertinere
1104 3191 1322 3276 demonstrari
1434 3177 1449 3210 ⁸

103 3307 225 3396 potest
270 3301 388 3368 Potest
402 3301 511 3368 eutem
526 3303 734 3380 demonstari,
750 3303 875 3367 ceteras
891 3301 1005 3387 gentes
1021 3293 1180 3381 distingui
1200 3273 1290 3359 ab
1261 3315 1321 3375 ers,

102 3409 298 3500 quibuscum
313 3403 417 3495 loquit
418 3427 464 3474 ur.
508 3402 596 3472 Tant
580 3407 651 3472 turn
666 3405 750 3472 enim
766 3405 871 3482 abest,
892 3405 931 3468 ut
945 3402 1003 3466 has
1018 3419 1159 3486 unquam
1175 3384 1320 3486 alloque-
1354 3413 1358 3421 ·

101 3515 165 3589 tur,
187 3512 229 3577 ut
250 3527 305 3575 eas
325 3507 515 3574 nominatim
534 3509 643 3598 potius
664 3505 813 3591 Graecis,
841 3507 1033 3598 quibuscum
1053 3499 1210 3589 disputat'
1201 3521 1232 3566 ιο
1258 3503 1320 3578 est,

103 3611 300 3703 opponat⁶).
328 3605 375 3676 Et
399 3601 489 3676 locus
507 3611 642 3700 quidem
669 3611 828 3702 apertior,
855 3627 951 3726 quarn
977 3627 1028 3672 eur
1018 3601 1120 3668 ulls
1145 3599 1322 3688 attingatur

103 3711 315 3801 ambiguitas,
331 3735 363 3802 p.
379 3713 508 3782 33-34
507 3713 603 3803 legit
603 3737 651 3780 ur.
695 3713 874 3803 Postquam
896 3709 980 3777 enim
997 3705 1142 3774 Graecae
1162 3703 1321 3793 supersti-

104 3815 709 3905 tionisturpitudinesnarravitanotor,
722 3809 1022 3908 pergithocmodo:
1038 3805 1195 3889 „Quanto
1210 3805 1321 3874 melio·

99 3931 157 3986 res
180 3917 353 4010 Aegyptii,
378 3919 433 4010 qui
454 3917 584 3986 vicatim
605 3923 640 3988 et
658 3941 716 4010 per
739 3919 837 3986 urbes
856 3915 954 3984 bruta
972 3909 1122 3980 animalia
1141 3907 1319 4030 coluerunt,

162 4211 186 4275 ¹)
203 4208 263 4266 vid
275 4211 392 4280 exempla
404 4213 471 4279 apud
482 4211 550 4264 Pott.
564 4227 588 4278 p.
604 4211 625 4266 1.
638 4212 723 4264 adnot.

160 4299 173 4330 2

162 4298 186 4452 t
202 4299 264 4450 ¹,t
275 4383 292 4435 1.
304 4377 348 4434 23.

154 4465 346 4535 ¹Catthi.

164 4550 507 4620 ⁸)p.rt.10.srp.1a.8.
1207 4593 1209 4598 .
1285 4571 1288 4578 ·

165 4637 230 4710 ⁸)·p.
244 4639 283 4694 tt.
295 4637 379 4698 2-3:
398 4633 446 4694 sut
456 4631 511 4710 μὴν
522 4628 609 4695 cidara
620 4634 774 4706 Ammius
784 4632 833 4690 sul
847 4629 999 4702 Τυόρηνῶν
1009 4633 1037 4687 κέ
1048 4647 1072 4687 τ,
1084 4627 1106 4694 2,
1205 4692 1208 4700 Ι
