2972 5048
658 355 820 457 es..

76 543 311 612 daemoniorum
318 541 496 610 timiditate
502 541 594 621 satis,
611 542 717 622 credo,
730 542 863 620 inlibro,
876 543 933 629 qui
940 541 1162 632 Protreptieus
1172 541 1289 613 inscri-

74 645 170 724 bitur,
185 643 410 732 exposuimus,
424 643 552 712 munde
561 645 699 714 historia
708 645 970 714 neocesariensi“
981 653 1018 730 ¹).
1041 643 1173 732 Quibus
1181 646 1289 717 verbis

8 747 14 765 '
70 746 212 834 quinssle
221 746 293 833 ipse
308 745 544 834 Protrepti'cus,
561 743 659 834 quern
668 747 834 826 habemus,
848 747 1144 835 intelligendusjsit,
1157 749 1290 836 propter

72 851 300 935 argumentum
321 846 507 924 indicatum,
528 871 569 916 ne
594 848 726 914 minima
747 851 876 935 quidem
895 827 1057 916 dubitatio
1082 873 1154 918 esse
1168 853 1288 938 potest.

75 951 187 1037 Itaque
199 950 263 1018 boc
278 971 406 1036 quoque
419 951 483 1016 iam
499 951 730 1030 concludimus,
743 957 777 1018 et
783 951 1023 1040 Protrepticum
1034 956 1067 1018 et
1073 953 1240 1020 stromata
1247 952 1288 1020 ab

74 1053 182 1122 eodem
197 1051 360 1140 scriptore
374 1075 446 1120 esse
460 1053 617 1145 protecta.
640 1055 751 1139 Atque
765 1054 850 1120 idem
862 1055 1034 1142 probatum
1046 1058 1098 1122 est
1112 1055 1152 1122 de
1163 1057 1289 1124 Paeda·

69 1177 152 1243 gogc
168 1157 206 1222 et
219 1153 445 1244 Protreptico;
467 1159 595 1242 ergoet
609 1153 825 1242 Paedagogus
841 1155 939 1222 etiam
952 1158 987 1222 et
999 1155 1166 1224 Str'omsta
1177 1157 1289 1239 codem

67 1260 209 1326 utuntur
231 1259 376 1324 auctore.
421 1255 514 1340 Quae
530 1279 629 1344 quum
643 1257 692 1324 ita
712 1257 794 1337 sint,
814 1257 879 1324 tria
898 1257 954 1325 illa
973 1281 1071 1346 opera
1090 1259 1132 1326 ad
1153 1259 1288 1330 eundem

65 1349 173 1430 virum
192 1357 379 1426 referantur
403 1362 543 1448 oportet.
588 1360 655 1428 Sed
680 1361 741 1428 hoc
767 1359 950 1428 eacumina
971 1361 1069 1428 etiam
1089 1361 1212 1450 poterit
1230 1362 1289 1430 de-

65 1461 257 1530 monstrari.
301 1461 377 1548 lpse
391 1461 477 1530 enim
491 1461 707 1549 Paedagogns
723 1483 850 1550 quoque
869 1463 905 1528 in
919 1462 1122 1530 stromatum
1141 1461 1163 1531 l.
1179 1461 1239 1530 VI.
1254 1468 1290 1532 et

68 1567 189 1635 citatur
203 1566 251 1641 et,
268 1562 395 1650 qualem
409 1585 495 1633 nuno
509 1563 675 1644 babemus,
690 1565 894 1634 describitur.
938 1563 1038 1641 „Jam
1053 1567 1149 1633 antea
1164 1569 1288 1648 autem,

68 1668 185 1755 inquit,
209 1665 442 1753 Paedagogus,
469 1667 503 1734 in
527 1669 595 1734 tres
614 1689 636 1734 a
655 1665 749 1734 nobis
774 1665 875 1734 libros
900 1665 1040 1744 divisus,
1067 1667 1226 1752 quomodo
1249 1691 1290 1737 ex

68 1770 178 1862 pneris
206 1769 384 1836 educamur
409 1771 508 1856 atque
533 1769 672 1872 alamur,
703 1769 870 1858 exposuit,
895 1768 917 1840 i·
935 1790 962 1836 e.
987 1769 1290 1858 vitamexplicavit

68 1873 266 1962 (honestam)
280 1893 322 1936 ex
336 1868 497 1938 catechesi
511 1871 695 1941 inchoatam
716 1895 781 1940 una
801 1894 873 1937 eum
894 1869 956 1937 tide
976 1875 1184 1959 crescentem,
1207 1895 1289 1959 quae

72 1997 197 2052 eorum,
213 1973 313 2060 quiin
327 1973 412 2038 viros
427 1971 667 2054 adscribuntur,
688 1976 831 2066 animum
851 1972 973 2038 virtute
992 1971 1082 2038 illum
1104 1975 1288 2064 praeditum
1422 2057 1427 2062 ·

76 2077 117 2142 ad
132 2075 297 2142 scientiam
312 2075 495 2162 gnosticam
506 2081 679 2164 praeparat
690 2075 932 2164 accipiendam“
944 2081 985 2159 ²).
1007 2073 1288 2156 Quemadmodum
1336 2095 1343 2100 ·

72 2181 178 2246 autem
194 2179 256 2245 hoc
270 2178 341 2246 loco
355 2177 570 2266 Paedagogus
590 2181 629 2246 ut
650 2178 790 2266 scriptus
813 2179 910 2245 antea
929 2175 1104 2258 inducitur,
1126 2179 1173 2246 sio
1192 2179 1290 2248 huius
1420 2201 1428 2216 ⁸

67 2283 162 2349 initio
179 2282 404 2350 Stromata'ut
425 2279 593 2348 scribenda
615 2283 726 2370 aperte
747 2275 940 2362 indicantur.
985 2277 1042 2358 „Is
1062 2303 1148 2362 vero,
1170 2279 1288 2368 inquit,

65 2384 288 2471 Paedagogus
312 2385 487 2468 πρακτικὸς,
515 2384 550 2448 ob
570 2383 749 2472 μεθοδικός·
773 2383 814 2447 ad
841 2381 999 2448 actionem
1019 2382 1141 2462 tendit,
1160 2407 1226 2450 non
1242 2375 1289 2456 ‘ad

7 2561 9 2570 .
65 2485 261 2575 disciplinae
275 2484 442 2570 rationem.
488 2481 592 2551 Cuius
602 2482 680 2550 finis*
693 2507 759 2552 non
780 2485 843 2569 est,
863 2485 902 2550 ut
922 2483 1065 2551 animum
1084 2484 1210 2564 doceat,
1231 2485 1288 2553 sed

65 2591 104 2655 ut
119 2589 291 2656 meliorem
305 2587 420 2654 reddat
428 2609 437 2665 3
462 2586 517 2672 qui
531 2581 667 2654 honeste
682 2588 790 2654 vivere
804 2585 908 2665 docet,
923 2610 988 2654 non
1004 2589 1074 2654 arte
1089 2610 1127 2654 ac
1142 2589 1288 2656 scientia.

65 2689 279 2777 Quamquam
304 2689 391 2755 idem
420 2689 491 2776 ipse
520 2687 633 2776 Logo's
659 2689 758 2756 etiam
780 2689 894 2758 doctor
919 2691 986 2772 est,
1018 2713 1078 2757 nec
1102 2713 1179 2757 vero
1203 2711 1289 2758 nunc
1355 2757 1359 2766 ,

62 2794 187 2882 ipsum.
211 2819 216 2832 ·
235 2790 302 2873 Qui
317 2789 451 2857 enimin
460 2787 629 2877 'dogmatis
644 2790 750 2880 aperit
764 2795 798 2858 et
811 2790 978 2879 patefacit,
993 2791 1022 2858 is
1036 2794 1087 2857 est
1102 2791 1238 2858 doctor“
1247 2799 1289 2876 ³).

62 2895 257 2962 Discrimen
272 2893 374 2980 igitur
387 2893 475 2959 inter
493 2891 736 2982 Paedagogum‚
758 2915 845 2959 nunc
865 2915 963 2980 quum
984 2893 1134 2980 maxime
1145 2893 1289 2960 scribon·

65 2998 155 3080 dnm,
174 2998 210 3064 et
227 2996 539 3084 Stromatafppstea
553 2995 783 3083 componenda,
800 2994 928 3060 statuit.
958 2993 1097 3060 Factum
1112 2985 1288 3080 utrumque

69 3101 173 3187 priore
187 3100 262 3167 loco
276 3101 419 3164 testatur
432 3097 518 3163 idem
533 3099 656 3186 auctor,
677 3097 729 3164 cui
743 3099 917 3182 utrumque
932 3095 1031 3160 etiam
1052 3095 1285 3175 adscribamus,

73 3201 134 3269 nisi
147 3199 339 3272 commentis
354 3199 459 3288 magis
474 3197 671 3266 delectamur
685 3222 782 3286 quam
797 3199 1040 3288 veris,necesse
1058 3200 1119 3264 est.
1163 3197 1291 3264 Iterum·

69 3325 144 3394 ergo
164 3301 409 3374 necessitudine
429 3301 628 3390 Protreptici
648 3323 722 3368 oum
742 3300 937 3388 Paedagogo
958 3304 993 3367 et
1013 3299 1189 3368 Stromatis
1211 3325 1286 3390 per-

63 3431 181 3496 pensa,
196 3407 313 3475 maiori
327 3407 427 3473 etiam
441 3405 651 3492 persuasione
665 3404 730 3470 tria
744 3403 800 3470 ilia
819 3425 916 3493 opera
936 3401 1040 3470 eidem
1058 3403 1209 3494 scriptori
1224 3399 1286 3470 tri·¹
1359 3461 1360 3468 ,

62 3510 219 3589 bnimus,
228 3509 419 3598 praesertim
435 3530 534 3596 quum
548 3505 658 3586 dictio,
675 3507 922 3594 argumentandi
933 3507 1029 3584 ratio,
1044 3509 1117 3573 tota
1132 3506 1287 3573 orationis

60 3612 194 3680 indoles
211 3631 347 3702 prorsus
362 3609 407 3676 sit
421 3609 542 3676 eadem.
576 3607 675 3692 'Quid
696 3608 771 3676 hinc
782 3609 884 3696 igitur
898 3608 1073 3675 utilitatis?
1095 3606 1195 3675 Certe
1214 3608 1288 3698 plu-

59 3717 197 3784 rimum.
219 3713 251 3779 N
257 3736 315 3780 am
331 3710 594 3798 quodeunque
613 3713 794 3780 veterum
813 3711 1087 3778 testimonium
1104 3711 1152 3778 ad
1172 3733 1288 3777 unum

61 3841 203 3886 eorum
232 3833 287 3906 per
315 3833 350 3888 ss
375 3812 572 3903 pertinet,
598 3816 724 3904 propter
754 3813 840 3885 ittam
864 3811 1125 3885 necessitudinem
1150 3815 1288 3884 mutuam

61 3921 151 3990 tria
181 3915 300 3987 simul
329 3915 555 4004 confirmat.
610 3913 678 3983 Sed
708 3913 836 4003 singula
873 3913 1073 4004 singulorum
1099 3912 1288 3982 testimonia

66 4021 383 4112 unncproteramus.
710 4010 716 4020 ’
1018 4078 1022 4084 ,

131 4123 312 4192 Ordiamur
325 4125 434 4192 autem
448 4119 490 4188 ab
500 4139 538 4186 eo
547 4117 640 4198 libr0,
652 4117 723 4206 qui:
746 4119 843 4204 Λόγος
854 4119 1071 4208 προτρεπτικὸς
1083 4114 1287 4206 πρὺςἝλλη-
1380 4155 1383 4162 ·

61 4252 124 4302 νας
137 4225 338 4304 inscribitur,
353 4223 394 4290 de
408 4245 473 4311 quo
487 4221 568 4288 illud
581 4219 685 4311 primo
699 4243 826 4302 moneo,
841 4219 927 4302 hunc
941 4241 1017 4286 vere
1038 4240 1110 4285 esse
1134 4217 1286 4310 Clemen-

59 4331 114 4398 tia
130 4329 250 4398 librum
263 4329 312 4397 ita
330 4326 418 4396 inter
437 4347 565 4408 omnes,
595 4347 695 4414 penes
721 4345 803 4413 quos
826 4315 981 4393 iudicium
1006 4321 1047 4390 de
1068 4321 1131 4393 heo
1153 4345 1189 4394 re
1214 4345 1287 4393 esse

61 4443 276 4457 Μ

128 4481 154 4550 ¹)
169 4479 266 4550 ott·
304 4525 308 4530 -
382 4527 385 4530 -

127 4567 155 4634 ⁸)
170 4584 197 4636 p.
208 4565 269 4624 736.

129 4648 156 4720 't
171 4649 249 4722 1²·oe-

171 4775 185 4826 t
