2830 5052
611 331 675 398 113

58 515 122 594 luo,
136 515 208 584 dum
220 513 360 602 Moyses
374 513 471 598 vivit,
486 517 522 584 et
534 535 639 604 genus
649 515 824 584 humanum
839 537 880 586 ex
900 517 1097 588 Graecorum
1112 520 1249 590 historia

57 616 175 684 nondum
189 617 338 696 exsistit,
364 619 519 686 attatum
539 615 675 684 Coelunr
694 619 756 687 diis
776 619 881 688 adhue
900 629 1083 708 vacuum1).
1126 625 1204 693 Jam
1220 627 1247 692 si

58 721 210 788 eteorum
224 719 313 810 apud
328 717 514 820 Hebraeos,
540 717 656 807 Moyse
670 725 809 803 mortuo,
823 725 1053 814 prophetarum
1068 727 1250 814 ducumque
1353 731 1359 744 ’

57 824 177 911 tempora
190 823 463 892 recensuerimus:
486 845 596 890 omnes
608 826 688 890 ante
697 824 900 894 Salomonem
914 851 1024 918 regem
1039 831 1137 897 Troia
1151 835 1249 920 capta
1264 859 1266 866 ’

59 945 109 992 esse
124 925 330 1014 antiquiores,
349 923 529 994 Menandro
545 926 746 1013 Pergameno
758 929 844 994 teste
858 931 893 994 et
903 929 1008 998 Laeto
1019 932 1054 998 in
1066 931 1247 1002 Phoeniciis
1354 943 1364 1014 “,

63 1027 210 1116 apparebit.
232 1027 455 1099 Numerantur
466 1031 574 1096 autem
586 1028 729 1116 aMoyse
740 1031 818 1096 nuto
827 1030 1079 1101 adSalomonem
1086 1040 1249 1104 mortuum

60 1131 112 1196 arui
124 1131 265 1200 sexcenti
281 1132 537 1219 suagintatres
552 1134 587 1198 et
601 1153 729 1198 menses
745 1135 879 1220 septem.
910 1135 944 1200 A
959 1135 1249 1226 Salomoneusquo

57 1231 86 1296 ad
100 1231 212 1302 Eleusi
226 1237 366 1302 mortem
381 1233 458 1302 anui
478 1238 567 1314 sunt,
589 1237 703 1302 nostra
721 1234 978 1325 chronographia
997 1243 1085 1308 recte
1105 1263 1176 1308 sese
1190 1241 1249 1308 ha-

56 1333 138 1414 bente,
154 1341 285 1406 eentum
300 1339 469 1427 octoginta
482 1360 585 1421 unus,
607 1339 647 1404 ut
665 1357 706 1402 ex
727 1335 901 1406 multorum
921 1337 1149 1410 historicorum
1168 1343 1248 1410 defi-

55 1435 151 1506 nitione
165 1441 351 1533 temporum
366 1441 529 1510 Homerus
552 1442 588 1507 et
600 1439 767 1506 Hesiodus
787 1441 886 1508 etiarn
902 1441 1034 1512 Elisaeo
1052 1445 1249 1514 recentiores

55 1557 108 1606 esse
119 1540 298 1614 videantur.
344 1545 549 1632 Quamquam
564 1544 605 1610 de
623 1541 738 1610 horum
758 1545 867 1612 aetate
886 1549 1055 1635 poetarum
1075 1549 1179 1614 multa
1198 1552 1251 1616 est

55 1637 235 1735 dissensio2).
280 1647 412 1716 Jesaias
437 1650 563 1727 autem,
594 1643 682 1713 Osee
711 1644 940 1742 Michaeasque
970 1649 1147 1739 prophetae
1174 1653 1251 1738 post

55 1739 187 1836 bylurgi,
210 1749 546 1827 ¹Lacedaemoniorum
565 1748 764 1836 legislatoris
790 1753 932 1818 aetatem
957 1750 1059 1820 luisse
1084 1753 1248 1820 dicuntur.

56 1841 164 1918 ldeuim
185 1873 227 1920 ex
241 1853 446 1922 Dieuehidae
465 1855 582 1940 quarto
602 1851 841 1938 Megaricorum
859 1853 942 1920 libro
961 1853 1136 1944 colligitur.
1181 1854 1249 1927 Sed

60 1967 129 2030 quum
147 1953 334 2024 Hieremias
350 1957 578 2045 prophetaret,
598 1954 717 2021 accidit
737 1955 947 2044 septuaginta
968 1981 1124 2024 annorum
1145 1957 1250 2046 eapti·

62 2049 118 2118 ritas
134 2079 190 2144 per
204 2059 422 2147 Assyriorum
441 2081 566 2145 regem,
597 2057 653 2145 qui
672 2057 969 2126 Nabuchodonosor
983 2059 1167 2148 appellatus
1188 2063 1250 2140 est,

61 2154 165 2238 septimo
184 2159 293 2248 ipsius
313 2153 441 2250 imperii
461 2183 561 2239 anno,
590 2161 612 2226 i.
633 2181 661 2226 c.
687 2161 827 2227 seeundo
847 2161 991 2252 Vaphrei
1009 2162 1251 2251 Aegyptiorum
1352 2225 1355 2232 .

56 2255 128 2339 regis,
141 2259 292 2351 Philippo
306 2263 448 2330 Athenis
464 2287 625 2330 summum
642 2263 871 2350 magistratum
886 2267 1029 2352 gerente,
1051 2266 1155 2354 primo
1169 2290 1251 2356 qua·
1300 2279 1301 2282 ’

55 2352 230 2446 dragesimae
245 2368 381 2434 octavae
396 2364 602 2454 Olympiadis
618 2366 747 2453 anuo3).
792 2363 908 2432 Soluto
922 2369 977 2432 est
986 2371 1097 2434 autem
1113 2370 1251 2462 eaptivi-

54 2457 93 2526 tas
109 2468 315 2556 septuaginta
335 2455 428 2536 annis
448 2472 541 2558 post,
572 2491 657 2534 anno
674 2465 772 2532 Darii
796 2467 977 2558 Hystaspis
999 2470 1057 2536 filii
1082 2473 1250 2560 regnantis

54 2569 179 2637 secundo.
201 2569 254 2638 Et
266 2571 399 2638 luerunt
414 2571 543 2658 quidem
557 2571 732 2638 Persarum
746 2593 859 2658 regum
874 2572 951 2641 anui
966 2572 1099 2640 ducenti
1114 2569 1255 2661 triginta

53 2663 179 2755 quinque.
224 2675 342 2760 Atque
365 2673 585 2764 Macedonum¹
608 2675 756 2761 tempora
779 2673 814 2740 in
833 2673 991 2764 Aegypto
1017 2678 1094 2744 anni
1112 2677 1251 2745 trecenti

52 2759 199 2858 duodecim
212 2780 438 2856 numerantur,
453 2775 678 2862 duodeviginti
692 2775 774 2842 dies.

100 2869 161 2940 Sed
175 2900 288 2964 quum,
304 2879 424 2969 populo
438 2878 593 2944 redeunte
608 2876 839 2954 Palaestinam,
855 2873 1013 2964 Aggaeus
1030 2885 1065 2948 et
1078 2880 1251 2950 Zacharias

50 2974 274 3061 prophetarent,
296 2981 317 3046 i.
332 3004 360 3048 e.
373 2980 477 3069 primo
492 2979 759 3066 quadragesimae
774 2981 909 3046 octavae
929 2981 1134 3072 Olympiadis
1155 3006 1251 3062 anno,

50 3065 222 3162 biipsiuon
238 3083 342 3150 solum
357 3081 562 3170 Pythagora,
588 3081 644 3168 qui
665 3081 869 3168 sexagesima
895 3085 1036 3150 secunda
1057 3081 1253 3174 Olympiade

50 3171 153 3249 vixisse
166 3185 283 3264 fertur,
298 3208 411 3253 verum
421 3183 521 3254 etiam
530 3183 666 3252 Thalete
680 3183 878 3272 antiquiores
894 3189 1062 3274 apparent,
1079 3187 1134 3273 qui
1147 3184 1252 3254 Grae·

50 3293 142 3350 eorum
161 3287 427 3376 pbilosophorum
447 3287 695 3374 antiquissimus
715 3285 800 3352 circa
819 3287 1120 3376 quinquagesimam
1135 3288 1251 3378 Olym-

49 3377 159 3462 uittam
169 3390 242 3460 tuit.
287 3390 378 3473 Quor
392 3412 470 3478 ergo
482 3390 579 3456 *anuis
595 3389 748 3457 Salomon
763 3388 925 3458 vetustior
937 3413 1036 3479 quam
1051 3394 1176 3480 septem
1188 3391 1251 3466 Sa·
1346 3383 1350 3391 ¹

50 3477 213 3582 pientastt)
245 3490 312 3559 Sed
326 3492 387 3559 hoc
399 3515 440 3560 ex
454 3493 603 3560 omnibus
625 3489 889 3582 chronographis,
910 3497 945 3559 et
964 3492 1101 3562 Graecis
1123 3497 1157 3561 et
1176 3494 1251 3562 bar·
1315 3553 1318 3560 .

49 3575 132 3670 boris,
150 3594 300 3682 quamvis
315 3593 585 3664 dissentientibus
600 3595 687 3662 inter
702 3617 749 3674 se,
764 3595 860 3664 facile
874 3596 1082 3684 colligitur5).

50 3700 236 3734 ..Ἢ-
498 3703 500 3711 ,

93 3771 117 3841 ¹)
133 3779 206 3834 Haec
218 3765 306 3837 omnia
318 3801 351 3838 ex
363 3787 506 3838 auctoribus
518 3791 637 3838 amurute
645 3787 848 3838 demonstrantur
857 3802 874 3838 a
882 3785 1018 3850 Clemente,
1030 3802 1077 3840 nee
1085 3786 1251 3854 verosingula

51 3852 198 3931 referre'opus
211 3883 264 3922 esse
275 3877 346 3934 puto.
811 3877 812 3882 ’
984 3862 990 3872 “

93 3945 120 4011 ²)
136 3951 221 4007 Etiam
233 3958 304 4023 haee,
317 3965 342 4008 et
354 3971 420 4022 quae
430 3959 546 4022 deinceps
558 3961 704 4023 sequuntur,
716 3957 817 4008 uberius
829 3964 996 4024 exponuntur.
1035 3950 1039 3960 '
1103 4028 1105 4030 η

94 4029 118 4099 ⁸)
134 4037 190 4094 Hoc
201 4043 259 4094 loeo
271 4044 411 4108 digreditur
422 4043 562 4108 paullulum
574 4045 696 4094 narratio,
704 4059 721 4093 a
732 4045 861 4108 proposita
876 4040 1079 4108 chronographia
1096 4043 1129 4093 ad
1141 4057 1172 4092 aa
1184 4057 1252 4093 com-

51 4121 208 4195 memorande,
220 4144 286 4192 quae
297 4129 428 4196 Babylone
440 4134 494 4178 tum
504 4130 623 4191 temporis
634 4129 783 4180 mirabiliter
795 4131 909 4194 inprimis
925 4129 995 4180 faeta
1010 4129 1069 4192 sint,
1089 4131 1252 4195 ecquomodo

52 4207 143 4260 evaararit
153 4215 309 4276 praedictum
321 4229 338 4264 a
348 4215 440 4266 Daniel
453 4215 576 4278 propheta
588 4217 620 4266 ds
633 4216 833 4268 hebdomadibus
845 4216 907 4268 illud
919 4213 1124 4266 illustrissimum.
1153 4214 1251 4277 Quibus

52 4292 166 4360 ellotitia,
174 4301 239 4351 redit
250 4300 340 4366 oratio,
352 4303 420 4352 unde
432 4302 545 4366 digressa
556 4307 619 4352 erat.

95 4375 117 4441 ⁴)
132 4381 198 4435 Hine
208 4385 329 4448 plurimos
340 4387 456 4437 nominat
467 4391 492 4436 et
501 4393 589 4448 poetas
602 4392 627 4438 et
637 4386 801 4451 philosophus
813 4391 838 4438 et
850 4391 929 4436 vates.
952 4383 1050 4436 Deinde
1062 4387 1094 4436 ad
1106 4384 1252 4448 predicandi

53 4445 180 4521 facultatum
191 4470 301 4522 deflectit
311 4471 382 4524 haud
393 4485 453 4522 raro
463 4477 645 4538 occurrentem,
659 4487 725 4538 quae
736 4471 822 4523 tameir
840 4473 907 4534 apud
924 4476 1010 4536 gentes
1027 4471 1066 4521 vel
1078 4471 1252 4522 observatione

53 4536 128 4598 nittur
141 4555 179 4606 rel
191 4557 380 4608 daemoniorum
392 4557 552 4623 incitatione,-
570 4560 638 4624 apud
648 4558 780 4609 Hebraeos
792 4549 878 4610 autem
888 4557 929 4607 dei
939 4557 1031 4606 virtute
1043 4563 1068 4607 et
1077 4557 1249 4618 inspiratione.

97 4627 119 4697 ⁸)
135 4634 194 4696 duur
204 4631 351 4710 multorum,
367 4659 475 4712 quorum
488 4644 592 4698 nominc
603 4645 696 4707 parum
713 4644 822 4708 indicat,
839 4649 908 4694 tacet
919 4643 1022 4710 partim,
1038 4643 1172 4728 divisiones
1187 4646 1251 4700 tem·
