2830 5052
727 321 790 394 lca
868 285 912 324 '⁸

84 517 86 526 '
148 521 207 608 qul
222 521 264 586 ad
277 517 442 586 hominurn
462 518 635 609 perniciem
654 519 689 584 in
703 517 804 584 sitam
819 516 914 603 qnasi
933 512 1103 604 irrepsisse
1123 511 1365 602 philosophiam,

150 645 172 690 a
185 621 270 688 malo
284 621 459 729 quodam,
450 645 472 686 1.
488 645 515 688 e
532 621 694 688 adiabolo
708 621 873 686 inventam
889 617 1061 686 affirment.
1103 617 1170 684 Sed
1183 616 1216 681 bi
1231 619 1352 682 stroma-

152 727 223 792 tum
238 723 312 789 libri
326 703 390 790 toti
405 743 485 790 erun
486 723 632 802 tidonei,
648 747 704 813 qur
693 721 874 808 'utrosque
888 717 1068 798 refutent,
1057 741 1122 788 rmc
1136 717 1352 808 philosophiam

151 849 224 893 esse
239 825 474 916 quodammodo
487 826 616 893 divinae
630 825 852 914 providentiae
867 845 960 910 opus,
981 843 1081 908 quum
1101 813 1226 888 malitia
1238 821 1354 908 propter

151 929 270 998 malam
286 949 378 993 suam
392 931 451 994 nat
453 951 542 999 uram
558 928 678 994 nullius
693 923 1272 1012 bonifonsunquamesscpossit1).

150 1072 154 1084 «
216 1029 441 1116 Primoergc:
465 1031 493 1095 si
513 1029 559 1096 sit
577 1030 704 1097 inutilis
726 1025 939 1118 philosophia,
962 1016 1040 1092 duin
1062 1023 1313 1114 philosophando
1330 1023 1356 1088 id

154 1131 494 1206 demonstraverimus,
508 1130 572 1196 iam
588 1133 759 1220 apparebit
774 1130 875 1197 utilis.
899 1127 1028 1195 Deinde
1042 1129 1149 1206 velim,
1162 1129 1217 1218 qui
1229 1126 1356 1195 Graecos

154 1235 367 1303 condemnare
381 1232 497 1311 solent,
512 1234 644 1322 penitus
659 1234 818 1322 principio
830 1231 970 1301 habeant
982 1230 1114 1317 cognita
1122 1229 1258 1298 Graeca.
1273 1228 1357 1298 Varia

71 1405 76 1408 .
154 1339 264 1406 autem
279 1335 446 1422 multaque
460 1335 607 1421 doctripa
620 1336 717 1402 fidem
731 1333 938 1402 commendat
952 1333 1169 1400 audientibus.
1203 1333 1358 1399 Tumvero

154 1439 358 1530 philosophia
375 1440 565 1508 nouaclum
585 1458 693 1508 rerum
717 1435 874 1505 falsarum
900 1440 935 1504 ct
957 1458 1057 1524 prave
1075 1435 1237 1504 factorum
1258 1433 1358 1500 artilex
1404 1433 1405 1436 ’

152 1565 219 1613 non
234 1545 297 1620 est,
313 1541 462 1628 quinimo
476 1541 607 1608 evidens
628 1541 807 1609 veritatis'
798 1561 917 1628 imago,
938 1537 1081 1606 divinum
1105 1539 1227 1607 donum
1242 1535 1359 1606 Graecis

154 1647 279 1712 datum.
323 1645 358 1710 A
371 1643 435 1710 fide
449 1667 515 1710 non
533 1646 658 1722 avocat,
680 1645 847 1732 adipeam
861 1665 904 1730 po
906 1641 1131 1720 tiustadducit‚
1146 1643 1303 1730 praebens
1316 1639 1359 1704 de·

154 1742 358 1815 monstrandi
373 1746 646 1812 exercitationem.
670 1745 870 1828 Quinetiam
882 1744 1064 1811 coniunctio
1075 1745 1265 1838 dogmatum
1276 1763 1359 1830 oppo-

156 1851 275 1917 sitione
289 1845 461 1918 veritatem
472 1843 623 1936 expetit²
628 1858 652 1929 ).
676 1847 793 1938 Itaque
808 1847 895 1913 haud
910 1868 1072 1938 quaquam
1086 1851 1222 1936 propter
1237 1866 1270 1913 se
1282 1844 1359 1910 indu-

156 1954 253 2029 citur,
270 1951 327 2017 sed
341 1947 468 2014 fructus
485 1970 583 2017 causa
597 1973 644 2018 ex
652 1951 731 2039 ipsa
728 1949 946 2039 percipiendi.
980 1947 1186 2050 Quamquam
1201 1949 1253 2017 vel
1266 1950 1359 2014 horon

158 2053 360 2120 Stromatum
376 2051 450 2117 finis
466 2055 501 2118 et
514 2053 593 2119 ordo
607 2052 843 2142 philosophiam
858 2051 1047 2119 admittunt.
1093 2039 1251 2120 Ordinem
1270 2049 1360 2117 aubin

13 2161 24 2206 ’.
103 2170 107 2176 ·
157 2155 341 2222 huiusmodi
357 2175 429 2220 esse
444 2155 542 2234 volui,
558 2157 680 2246 quod„
682 2154 888 2222 Haebraei
863 2175 957 2242 signa
971 2155 1133 2244 petentes,
1150 2133 1271 2222 Graeci
1292 2173 1359 2239 sap1·

158 2258 280 2324 entiam
301 2249 518 2343 quaerentes“
534 2259 669 2346 utrique
689 2279 839 2326 arcanam
863 2279 958 2323 verae
979 2255 1204 2348 philosophiae
1223 2255 1360 2324 raticmn

158 2359 302 2427 nondum
316 2358 479 2444 coruom).
534 2423 542 2432 ,

224 2463 371 2544 Quorum
390 2461 445 2527 alii
465 2463 637 2529 veritatem
651 2461 785 2550 lugiunt
805 2463 844 2527 ut
858 2462 1037 2550 voluptatis
1054 2461 1149 2540 servi,
1164 2461 1361 2550 litigiosarum

159 2563 419 2652 disputationum
445 2566 592 2630 amantes
618 2563 688 2640 alii3
718 2563 776 2630 sed
797 2563 992 2642 „Dominus‚
1019 2563 1068 2631 ait
1087 2565 1269 2654 Scriptura,
1292 2559 1361 2629 solus
1406 2591 1407 2628 l

161 2667 330 2753 cognoscit
349 2666 602 2755 disceptationes
623 2667 817 2754 sapientum,
844 2666 1057 2754 quadranae
1083 2664 1363 2757 sunam-sapientes
1406 2695 1407 2733 l

161 2791 280 2838 vocans
297 2768 472 2857 sophistas,
488 2768 592 2854 quiin
606 2768 823 2836 locutionibus
838 2771 1010 2836 versantur
1032 2771 1066 2836 et
1085 2769 1213 2839 artibus
1229 2785 1362 2859 superna·

160 2873 319 2956 caneisi).
460 2884 485 2904 '⁶

226 2974 293 3042 Sed
314 2977 367 3040 est
385 2993 463 3040 vera
481 2970 640 3059 quaedam
660 2971 821 3062 sapientia
836 2995 855 3039 a
869 2974 929 3040 deo
944 2971 1127 3047 hominibus
1143 2973 1231 3042 data.
1260 2965 1364 3052 „omn

162 3077 248 3144 enim
263 3076 361 3154 cordi,
376 3075 494 3161 inquit,
512 3071 652 3162 sapienti
667 3076 827 3166 dediipse
843 3071 1069 3164 sapientiam.“
1109 3076 1364 3144 Animadverten·
1404 3135 1407 3144 .

160 3179 373 3254 domantem,
389 3175 508 3256 nemini
524 3199 545 3242 a
558 3175 701 3244 Domino
723 3179 916 3269 sapientiam
936 3179 1078 3258 concedi,
1100 3180 1163 3246 nisi
1185 3180 1242 3268 qui
1261 3179 1327 3268 ipse
1340 3191 1365 3237 aa
1406 3213 1407 3232 ι

161 3279 271 3346 labore
287 3283 321 3346 et
335 3277 566 3346 exercitatione
581 3279 732 3348 idoneum
746 3281 942 3370 praebuerit.
964 3281 1030 3348 Est
1043 3281 1128 3348 enim
1140 3281 1271 3370 propria
1282 3279 1364 3346 soien-
1406 3343 1407 3346 ,

161 3381 228 3448 tiae
243 3383 439 3466 coaoicilqcrc
456 3381 612 3448 divinitus
627 3382 759 3462 donata,
780 3405 845 3470 qua
864 3384 905 3450 ad
926 3382 1035 3450 studia
1054 3383 1264 3472 impellimur3
1286 3397 1366 3470 quam

162 3485 264 3569 auget
278 3482 478 3564 exercitatio.
506 3483 553 3548 Et
566 3482 621 3551 ille
635 3484 765 3573 quidem
780 3485 872 3553 labor
886 3485 1138 3576 exercitatioque
1153 3498 1366 3576 saepenumero

163 3585 307 3654 cernitur
320 3584 355 3650 in
369 3581 635 3674 philosophando.
678 3585 763 3651 Nam
781 3588 840 3666 ais,
861 3588 916 3674 qui
931 3587 1134 3677 philosophia
1151 3587 1274 3654 luerint
1286 3578 1365 3650 iusti·

162 3687 261 3766 ficati,
276 3689 433 3778 tanquam
448 3687 638 3754 thesaurum
653 3686 733 3756 deus
747 3689 887 3778 largitur
901 3693 955 3779 τὴν
970 3693 1179 3777 συναίσθησιν,
1195 3711 1278 3778 quae
1292 3680 1366 3752 ducit

163 3789 206 3854 ad
220 3787 376 3876 pietatem
391 3790 425 3856 in
438 3789 546 3878 ipsum
557 3793 598 3874 ⁵).

221 3963 294 4029 ¹)Le
305 3963 419 4030 Nounyr
438 3963 497 4026 „Ad
508 3962 572 4014 llaec
584 3977 658 4030 porro
669 3977 708 4014 ex
719 3963 955 4032 philosophicis
968 3965 1169 4031 dogmatibus
1180 3967 1264 4016 inter
1275 3977 1304 4015 se
1315 3953 1366 4010 cci·

123 4055 127 4063 “
163 4048 241 4099 latis
258 4048 384 4114 sibique
401 4049 543 4100 invicem
561 4051 720 4116 oppositis
737 4051 959 4103 eruiturveritatis
977 4052 1087 4116 cognitio
1103 4043 1240 4118 nostraque
1255 4041 1366 4116 persnmi⁰

162 4135 247 4200 magis
258 4135 628 4186 firmaetstabiliaredditur.“
663 4137 741 4189 Hand
758 4145 832 4192 recte.
866 4137 934 4189 Nam
952 4137 1107 4202 oppositione
1124 4137 1185 4189 dicit
1196 4136 1308 4188 clemens
1318 4131 1366 4190 11⁰8·

115 4297 119 4302 ι
163 4225 236 4270 mata
247 4221 313 4272 inter
324 4219 498 4288 philosophica
509 4228 536 4274 et
546 4221 686 4276 christiana
697 4225 830 4278 ventilem
842 4224 880 4275 ila
891 4223 946 4276 fieri
957 4224 1102 4292 amabilem,
1114 4230 1143 4276 ul
1159 4229 1280 4290 tanquam
1290 4225 1366 4285 poma

163 4309 352 4373 expetatur.—

218 4389 245 4458 ¹)
261 4405 286 4456 p·
299 4387 446 4446 ean-327.

218 4477 247 4541 ⁸)
259 4493 284 4542 p.
294 4475 443 4533 eal-ane.

221 4563 249 4627 ⁴)
261 4577 285 4628 p.
297 4559 443 4616 ane-nna.

219 4641 244 4716 ⁸)
262 4660 286 4710 p,
298 4645 445 4702 eae-331.
