2820 5052
623 343 684 412 185

61 531 120 621 pria
131 528 304 620 prophetas
319 529 498 608 excitatos,
515 531 615 618 prout
634 551 750 619 capere
767 532 905 620 possent
922 531 1064 600 divinam
1080 530 1263 602 beneficen-

59 634 134 711 dam,
149 655 168 698 a
182 633 280 720 vulgo
295 629 491 720 segregavit,
505 631 540 697 id
554 632 640 723 quod
654 635 783 723 praeter
796 633 931 700 Petrum
942 633 1065 701 Paulus
1076 633 1258 725 Apostolus

59 737 232 804 declarabit:
255 733 403 802 Libros
418 755 590 824 quoque,
605 735 723 826 inquit,
750 735 895 804 sumite
916 735 1107 814 Graecos,
1134 759 1258 826 agno·

60 838 143 906 scite
177 836 390 925 Sibyllam,
420 837 611 926 quomodo
643 861 761 904 unum
791 837 1004 925 significet
1037 839 1165 918 deum,
1194 841 1257 908 cet.

59 939 165 1008 Deinde
187 939 282 1012 brevi
299 961 360 1006 nos
379 939 576 1026 interrogat:
607 939 734 1008 Totus
756 943 885 1006 autem
906 941 1074 1010 mundus
1097 943 1258 1032 atquae

63 1043 191 1110 suntin
212 1042 377 1119 mundo,
400 1042 513 1122 cjnius
537 1043 655 1108 sunt?
676 1064 806 1110 nonne
828 1043 948 1126 deiru

105 1143 384 1226 Quemadmodum
399 1145 511 1210 autem
522 1147 668 1236 ternpore
682 1167 769 1214 nunc
783 1146 872 1211 venit
887 1143 1095 1232 praedicatio,
1110 1145 1158 1210 ita
1172 1147 1255 1212 mm.

57 1267 115 1332 pore
126 1247 258 1338 quidem
268 1245 346 1313 data
357 1248 410 1312 est
419 1245 502 1325 Lex,
519 1246 589 1313 dati
600 1249 678 1312 sunt
689 1246 1038 1336 Prophetaebarbaris‚
1054 1247 1258 1337 philosophie

56 1351 144 1414 autem
167 1346 317 1416 Graecis.
361 1347 555 1436 Tempore
580 1355 759 1438 accepto,
790 1349 848 1416 ait
866 1350 1039 1424 Dominus,
1068 1351 1258 1416 exaudivi

55 1451 196 1527 te,etin
212 1450 276 1517 die
292 1451 442 1518 salutis
462 1449 541 1516 tibi
562 1451 651 1517 dedi
665 1451 869 1526 auxilium.
899 1451 1002 1526 Dedi
1017 1453 1055 1518 te
1070 1435 1110 1516 iri
1126 1455 1256 1518 testa-

55 1557 208 1636 mentjum
229 1553 427 1640 gentium,
450 1556 495 1618 ut
512 1553 764 1624 inhabitares
789 1557 936 1620 terram
959 1555 999 1618 et
1023 1552 1255 1642 possideres
1305 1571 1307 1582 ’

54 1652 347 1734 haereditatem,
373 1655 509 1724 dicens
530 1656 606 1736 eis,
637 1655 703 1746 qui
719 1659 817 1722 sunt
836 1655 875 1722 in
890 1653 1078 1721 vinculis:
1101 1655 1256 1740 egredi-

53 1756 144 1834 mini3
167 1760 208 1824 et
228 1757 608 1836 utrevelentnreis,
632 1757 699 1847 qui
715 1757 861 1824 suntin
879 1757 1067 1824 tenebris.
1112 1756 1257 1824 Vincti

54 1863 116 1926 eunt
133 1860 267 1938 Indaei3
304 1861 548 1928 intenebris
575 1863 686 1926 antem
713 1864 839 1948 gentes.
882 1859 967 1926 Nam
994 1860 1057 1938 eis,
1083 1859 1257 1948 quierant

52 1957 115 2026 iusti
126 1985 164 2028 er
175 1963 281 2050 Inege,
293 1963 373 2030 fides
384 1965 511 2042 deerat3
527 1966 724 2053 quapropter
735 1963 897 2030 Dominus
906 1985 961 2030 eos
969 1985 1101 2030 curans:
1117 1962 1257 2042 Fides,

53 2061 153 2152 inquit,
168 2069 295 2132 tuate
311 2068 462 2134 salvum
474 2065 587 2131 fecit
631 2065 681 2132 At
694 2087 770 2131 vero
785 2065 843 2142 eis,
860 2065 915 2154 qui
926 2065 1006 2132 iusti
1021 2068 1115 2131 erent
1129 2087 1170 2130 ex
1183 2065 1256 2154 phi·-

52 2163 190 2256 losophie,
204 2189 270 2234 non
283 2168 386 2236 olum
392 2168 455 2236 fide
465 2168 500 2234 in
508 2167 686 2234 Dominum
697 2191 778 2257 opus
791 2169 871 2244 eret,
883 2165 1048 2232 sedetiam
1060 2171 1099 2232 ut
1110 2167 1256 2234 discede-

53 2270 399 2338 rentaeimulacrcrum
409 2271 510 2338 cultu.
539 2270 610 2336 Iam
622 2291 708 2348 vero,
723 2270 867 2336 revelata
878 2269 925 2334 eis
936 2269 1086 2348 veritate,
1096 2269 1257 2338 factorum

53 2391 95 2438 ecs
107 2364 280 2460 poenituit.
326 2372 544 2456 Quamobrem
563 2372 765 2462 praedicavit
784 2369 947 2438 Dominus
967 2371 1014 2436 eie
1036 2395 1178 2460 quoque,
1199 2374 1256 2460 qui
1323 2388 1326 2396 ’

52 2471 103 2542 iam
122 2479 218 2544 erant
238 2475 326 2564 apud
345 2475 476 2545 inferos.
521 2477 586 2542 Est
606 2477 693 2542 certe
720 2475 850 2566 quidem
870 2473 904 2538 in
924 2472 1110 2562 Scriptura:
1142 2474 1256 2540 Dicit

52 2573 219 2646 infernus
241 2579 475 2666 perditioni:
498 2577 597 2644 Eius
620 2576 774 2664 quidem
790 2576 959 2664 speciem
975 2579 1254 2659 nonvidimus,

52 2677 125 2746 eius
147 2684 280 2748 autem
301 2703 432 2748 vocem
452 2679 687 2760 audivimus.
732 2679 798 2746 Sed
812 2679 902 2746 loeus
917 2680 1062 2767 profecto
1077 2705 1142 2748 non
1162 2680 1255 2748 audi-

51 2780 103 2858 vit3
118 2783 265 2850 homines
277 2782 362 2848 enim
373 2783 420 2862 ibi
430 2782 578 2849 collocati
589 2782 730 2856 divinam
741 2781 914 2858 audierunt
923 2784 1079 2850 virtutem
1089 2785 1123 2846 et
1133 2803 1255 2849 vocem.
1373 2797 1381 2812 '

51 2878 147 2970 Neque
161 2885 249 2954 enim
268 2885 349 2952 iusti
369 2907 387 2952 e
407 2884 560 2971 gentibus
581 2907 654 2950 cum
674 2883 805 2950 iniustis
825 2887 981 2972 tanquam
1002 2907 1112 2950 eorum
1134 2883 1254 2950 similes

51 2981 182 3054 damnati
205 2991 293 3054 sunt.
338 2986 527 3069 Quinetiam
541 2985 704 3052 Dominus
725 2985 788 3062 eie,
810 2986 917 3070 quiin
936 2985 1071 3050 Diluvio
1090 2985 1255 3072 perierant

51 3087 91 3152 rel
103 3093 213 3176 potius
228 3089 358 3156 fuerant
372 3088 483 3166 vincti,
499 3088 715 3175 Evangelium
729 3087 907 3152 nunciavit.
938 3087 1117 3176 Apostolos
1133 3090 1253 3166 autem,

50 3190 79 3252 ut
90 3189 267 3258 Dominum
292 3192 380 3280 apud
402 3191 522 3258 inferos
544 3189 759 3276 Evangelium
778 3190 951 3256 nunciasse
976 3190 1010 3254 in
1031 3189 1152 3256 Strom.
1173 3188 1192 3254 l.
1207 3189 1252 3256 Π.

48 3287 296 3360 demonstratum
311 3297 372 3360 est.
415 3293 490 3362 Hoc
504 3295 588 3360 enim
609 3293 754 3359 divinum
774 3291 909 3358 decebat
929 3292 1108 3372 consilium,
1129 3295 1177 3370 ut,
1199 3293 1255 3378 qui

48 3387 226 3464 iniustitia
254 3396 407 3464 maiorem
436 3395 578 3462 habuere
601 3395 794 3482 dignitatem
819 3398 853 3461 'et
877 3417 955 3482 prae
984 3396 1100 3460 ceteris
1124 3395 1254 3482 egregie

49 3485 197 3578 vixerunt,
212 3520 359 3587 quosque
369 3519 490 3578 eorum,
502 3522 584 3590 quae
595 3501 819 3586 peccaverant,
834 3496 1050 3601 poenituerat,
1065 3497 1109 3576 hi,
1124 3497 1253 3564 etiarnsi

48 3595 99 3664 alio
113 3601 194 3682 loco,
209 3623 309 3690 quum
325 3600 394 3668 sine
409 3600 628 3668 controversia
643 3605 754 3668 essent
766 3601 801 3668 in
816 3623 925 3666 eorum
940 3623 1083 3678 numero,
1104 3605 1159 3690 qui
1175 3603 1254 3666 sunt

48 3696 90 3764 dei
113 3703 362 3792 omnipotentie,
385 3703 466 3768 salvi
491 3703 607 3770 fierent
627 3704 758 3792 propria
778 3703 1032 3790 uniuscuiusque
1057 3702 1252 3788 cognitione.

48 3796 203 3888 Operatur
216 3804 319 3892 igitur
334 3803 500 3882 Servator,
510 3805 693 3893 ubicunque
704 3807 848 3872 homines
860 3810 938 3872 sunt
948 3805 1051 3872 bonae
1062 3805 1251 3872 voluntatis.
1318 3871 1321 3877 Α

49 3897 162 3982 Quodsi
179 3907 340 3975 Dominus
355 3906 445 3974 nulle
458 3907 522 3974 aha
537 3909 577 3974 de
591 3932 690 3976 cause
704 3909 871 3976 descendit
886 3909 928 3973 ad
946 3907 1081 3984 inferos,
1103 3930 1199 3997 quam
1213 3909 1252 3974 ut

47 4011 204 4075 nunciaret
218 4009 468 4096 Evangelium‚·
488 4011 574 4078 sicut
600 4015 687 4078 certe
714 4011 900 4111 descendit:
930 4013 989 4086 eut
1009 4009 1186 4086 descendit,
1213 4011 1252 4077 ut

46 4111 203 4178 nunciaret
227 4111 393 4190 omnibus,
423 4114 482 4178 aut
497 4101 574 4180 solie
585 4113 756 4180 Hebraeis.
801 4114 838 4180 Si
860 4111 1025 4188 omnibus,
1047 4109 1129 4176 salvi
1155 4114 1266 4176 erunt

47 4227 156 4292 omnes,
172 4213 228 4299 qui
243 4214 447 4293 crediderint,
464 4216 611 4301 quamvis
626 4239 645 4282 e
658 4216 827 4302 gentibus;
851 4214 890 4278 id
910 4213 996 4304 quod
1016 4213 1095 4278 deus
1115 4213 1268 4294 mavult„

48 4329 131 4394 quem
145 4319 283 4384 mortem
303 4339 428 4396 eorum3
452 4318 589 4384 credunt
607 4321 717 4385 antem
737 4315 863 4382 facilins
886 4315 954 4381 eine
973 4315 1100 4402 coporis
1120 4317 1250 4402 pertur-

46 4406 230 4486 bationibus.
275 4419 336 4488 Sin
355 4421 485 4488 Iudaeis
512 4421 607 4501 eolis,
636 4418 790 4510 Apostoli
810 4420 913 4497 certe,
938 4416 994 4504 qui
1013 4417 1077 4483 hic
1095 4417 1249 4506 gentibus

49 4551 236 4572 5-—

94 4637 119 4707 ¹)
134 4659 158 4711 p.
169 4643 315 4700 rte-rea.
