2820 5052
652 421 673 428 -
688 327 796 428 ..iit
818 421 851 428 -,

207 516 273 600 Qui
292 515 501 605 crgoimpics
517 513 687 602 attingunt
703 535 867 583 sormones
882 514 1081 602 traduntque
1096 513 1183 592 aliis,
1197 533 1260 582 neo
1275 512 1365 580 recte

142 620 248 688 verbis
264 622 404 686 utuntur
422 617 551 694 divinis,
574 618 632 684 sed
651 641 818 708 perversae
840 618 992 706 hincque
1006 618 1071 708 ipsi
1085 618 1120 687 iu
1133 639 1274 704 rognum
1292 637 1365 682 oue-

140 725 244 790 lorum
269 717 513 810 ingrediuntur,
539 741 643 804 neque
670 743 741 798 eos,
769 741 850 806 quos
868 720 1077 810 deceperunt,
1095 720 1209 791 sinunt
1233 718 1366 805 assequi

141 829 323 893 veritatem.
368 825 418 890 At
437 845 513 888 vero
533 843 637 908 neque
656 823 720 910 ipsi
735 823 890 896 introitus
905 824 1027 892 clavem
1043 821 1212 900 habentes,
1229 822 1292 888 sed
1303 820 1364 889 lal-

143 951 211 995 sam
227 927 399 1015 quandam,
413 929 453 991 ut
468 927 516 991 ait
529 927 740 1003 consuetudo,
762 928 945 1008 ἀντικλεῖδα,
968 945 1116 1014 aversam
1136 923 1275 1002 clavem,
1291 945 1364 1009 qua,

142 1055 206 1098 non
221 1032 318 1096 ianua
332 1028 507 1118 patefacta,
524 1030 563 1092 nt
574 1049 633 1108 nos
644 1027 844 1115 ingredimur
854 1049 912 1116 per
923 1027 1057 1094 Domini
1068 1027 1294 1106 traditionum,
1310 1017 1364 1094 sed

141 1133 249 1200 exciso
269 1133 354 1199 ostio
374 1134 409 1196 ct
426 1121 519 1209 muro
540 1128 694 1195 ecclesiae
715 1129 798 1195 clam
822 1129 980 1217 perfosso,
1001 1130 1173 1196 venitatem
1192 1131 1363 1217 transgre-

141 1237 266 1302 dientes
282 1233 424 1300 evadunt
438 1231 601 1320 principes
617 1253 655 1297 ac
669 1231 768 1299 duces
789 1234 1018 1320 mysteriorum
1037 1233 1164 1296 animae
1177 1230 1362 1319 impiorum.

141 1337 225 1405 Nam
249 1337 398 1402 haereses
419 1332 555 1400 ecclesia
575 1333 734 1403 catholice
753 1355 826 1401 esse
851 1335 1047 1424 posteriores
1054 1381 1064 1412 ,
1089 1333 1178 1400 haud
1197 1356 1286 1422 opus
1307 1333 1363 1400 erit

141 1429 254 1506 multis
269 1437 417 1527 probare.
452 1435 587 1502 Domini
602 1439 695 1502 aetas
710 1437 816 1504 medio
830 1435 953 1503 Tiberii
966 1436 1102 1525 imperio
1115 1436 1229 1502 linitur
1237 1460 1247 1516 ;
1273 1437 1363 1526 Apo-

142 1543 297 1610 stolorum
324 1544 415 1608 aetae
442 1561 547 1625 usque
576 1537 618 1603 ad
641 1537 736 1604 Pauli
760 1526 977 1606 ministerium
1000 1538 1129 1606 Nerone
1153 1537 1365 1626 imperatore.
1407 1597 1408 1606 ,

138 1646 245 1732 Atqui
260 1645 345 1712 circa
364 1641 503 1709 Adriani
522 1642 728 1730 imperatoris
745 1647 891 1729 tempora
904 1641 1058 1708 haeretici
1073 1640 1253 1722 exsistunt,
1275 1641 1367 1708 velut

139 1747 314 1824 Basilides,
341 1745 558 1824 Valentinus,
585 1744 750 1823 Marcion,
774 1747 829 1832 qni
852 1745 912 1812 vix
932 1745 1103 1832 attingunt
1126 1742 1368 1831 Apostolorum

140 1853 282 1916 aetatem
302 1869 361 1939 per
384 1848 543 1914 doctores.
588 1845 699 1928 Quare
724 1847 933 1914 manifestum
952 1850 1015 1925 est,
1040 1869 1141 1914 uuam
1157 1868 1232 1912 esse
1253 1867 1367 1916 veram

140 1952 308 2020 ecclesiam
324 1950 504 2038 antiquam,
524 1948 558 2013 iu
574 1950 666 2016 cuius
686 1951 871 2038 catalogum
891 1951 1076 2016 referuntur·
1097 1948 1179 2016 iusti
1200 1969 1244 2016 ex
1262 1949 1365 2016 animi

141 2053 316 2122 sententia.
361 2051 445 2117 Nom
458 2051 612 2141 qnoniam
632 2075 734 2119 unus
755 2058 808 2120 est
827 2053 919 2130 dens,
938 2051 1023 2118 hanc
1041 2052 1146 2142 ipsam
1166 2049 1208 2118 ob
1228 2072 1365 2118 causam
1408 2034 1409 2126 l

109 2177 113 2192 ¹
139 2158 238 2224 etiam
252 2155 287 2222 id
301 2155 389 2257 quod
411 2175 536 2220 summe
549 2159 602 2232 est
616 2139 797 2221 venerabile
811 2154 965 2222 laudatur
979 2157 1057 2221 κατὰ
1069 2158 1122 2242 τὴν
1137 2155 1282 2240 μόνωσιν,
1296 2155 1321 2221 i.
1337 2178 1364 2222 e.
1408 2141 1409 2190 ³

81 2337 85 2344 .
138 2260 173 2326 in
187 2282 265 2326 una
280 2257 425 2334 ecclesia,
442 2256 539 2322 unius
554 2257 704 2346 principii
718 2257 910 2325 imitatione.
954 2256 1118 2324 Haereses
1134 2260 1247 2324 autem
1261 2279 1364 2325 unam

138 2361 305 2429 ecclesiam
319 2361 355 2428 in
369 2358 490 2424 multas
505 2357 686 2424 discindere
701 2361 832 2428 audent.
868 2359 915 2426 Et
929 2358 1073 2426 essentia
1086 2380 1167 2446 ergo
1182 2361 1218 2426 ct
1231 2359 1363 2447 eogita-

16 2543 20 2548 ι
126 2464 227 2530 4ῐὶοιιε
242 2466 276 2530 et
287 2462 448 2552 principio
463 2464 499 2528 et
513 2461 704 2528 excellentia
720 2462 820 2529 solam
835 2485 909 2558 esse
923 2463 1061 2528 dicimus
1074 2461 1243 2552 antiquam
1260 2465 1364 2552 utque

137 2566 329 2633 catholicam
350 2564 534 2644 ecclesiam,
561 2563 596 2628 iu
615 2565 775 2630 unitatem
799 2565 897 2631 unius
920 2564 997 2631 fidei
1023 2564 1201 2632 secuudum
1226 2565 1364 2656 propria

134 2671 343 2746 testamenta,
359 2665 411 2732 vel
425 2665 534 2758 potius
551 2666 727 2732 seeundum
738 2689 838 2732 unum
857 2669 1092 2734 testamentum
1110 2664 1251 2734 dirersis
1273 2669 1359 2736 tem-

136 2771 281 2864 poribus,
298 2769 416 2860 quibus
431 2768 483 2834 dei
504 2767 673 2839 voluntate
694 2791 871 2859 perunum
892 2769 1071 2836 Dominum
1092 2773 1276 2857 congregat
1294 2794 1358 2845 eos.

136 2875 192 2965 qui
209 2877 287 2940 sunt
300 2874 365 2938 ia'm
381 2871 531 2949 ordinati,
548 2893 629 2961 quos
650 2871 907 2959 praedestinavit
926 2871 1034 2953 Deus,
1055 2895 1155 2962 quum
1174 2893 1230 2939 cos
1249 2872 1357 2940 iustos

137 2978 266 3043 futuros
282 2974 491 3062 cognovisset
505 2977 581 3040 aute
596 2975 707 3041 mundi
723 2974 1001 3045 constitutionem.
1034 2971 1189 3041 Ceterum
1201 2975 1359 3042 ecclesiae

127 3079 469 3168 excellentiaquoque
485 3076 570 3142 sicut
589 3075 840 3145 constructionis
860 3077 1065 3170 principium,
1086 3099 1127 3142 ex
1145 3077 1282 3164 unitate
1294 3081 1358 3154 est,

135 3181 242 3247 omnia
257 3181 321 3246 alia
336 3201 503 3269 superans,
519 3179 598 3245 nihil
613 3179 735 3246 habeus
751 3180 813 3246 sibi
827 3179 932 3246 simile
944 3180 995 3246 vel
1006 3179 1151 3270 aequale.
1169 3179 1225 3245 De
1236 3180 1358 3270 quibus

135 3286 261 3350 dicetur
285 3286 411 3373 postea.
466 3281 662 3348 Haeresium
686 3285 796 3348 autem
822 3281 904 3350 aliae
929 3283 1058 3372 quidem
1085 3283 1294 3372 appellentur
1318 3306 1358 3350 ex

134 3387 273 3464 nomine,
290 3385 379 3452 velut
392 3381 477 3460 illae,
494 3403 576 3473 quae
591 3383 775 3452 nominatae
790 3387 869 3450 sunt
887 3407 907 3450 a
929 3386 1115 3468 Valentino,
1136 3408 1164 3451 a
1176 3384 1358 3462 Marcione,

134 3487 325 3566 oBasillde,
341 3485 500 3578 quamvis,
525 3505 560 3550 se
576 3483 738 3552 Matthiae
758 3487 942 3577 opinionem
968 3487 1138 3566 adducere,
1158 3486 1357 3573 glorientur3

14 3590 18 3600 '
135 3591 198 3658 luit
212 3589 297 3656 enirn
312 3609 378 3656 una
392 3587 534 3654 omnium
549 3586 793 3676 Apostolorum,
815 3589 902 3658 sicut
919 3591 1079 3669 doctrina,
1099 3591 1147 3658 ita
1164 3590 1273 3656 etiem
1289 3594 1357 3658 tra·

135 3694 232 3772 diti03
255 3692 337 3758 aliae
352 3695 462 3758 autem
477 3712 517 3756 ex
531 3687 602 3758 loco
616 3696 855 3782 nuncupantur,
871 3697 910 3760 ut
920 3693 1078 3770 Peratici3
1100 3691 1184 3760 aliae
1193 3700 1355 3783 exgepte,

135 3799 174 3862 ut
188 3795 356 3882 Phrygum
371 3793 530 3872 haeresis3
556 3793 850 3878 aliaeex'aoticne,
872 3799 911 3862 nt
927 3795 1192 3875 Encratitarum3
1211 3797 1303 3866 aliae·
1317 3821 1356 3864 ex

132 3897 272 3990 propriis
293 3897 466 3986 dogmatis,
487 3900 526 3963 ut
546 3891 794 3964 Dooitarum'et
808 3898 1087 3978 Haematitarum;
1110 3899 1193 3966 eliae
1208 3921 1252 3968 ere
1266 3901 1353 3990 posi·

134 4000 278 4065 tionibus
290 4004 324 4067 et
335 4001 439 4080 exeis,
452 4023 534 4089 quae
545 3998 756 4077 honorarunt,
767 3997 1054 4068 utCaianistarum
1066 4006 1101 4070 et
1111 4001 1352 4093 Ophiauorum3

134 4102 218 4168 aliae
230 4101 369 4193 deniqne
387 4125 427 4169 ex
448 4103 506 4180 eis,
528 4125 611 4192 quae
638 4101 759 4168 nefarie
779 4123 878 4168 ausae
903 4109 981 4170 surit
1000 4109 1035 4170 et
1053 4109 1296 4195 perpetrarunt,
1316 4110 1354 4174 nt

134 4204 189 4294 qui
205 4227 245 4270 ex
261 4203 458 4282 Simoniauis
473 4208 633 4272 vocantur
646 4201 855 4291 Eutychitae.
873 4245 910 4258 -
928 4205 1017 4274 Huic
1036 4207 1119 4274 libro
1137 4209 1352 4299 linemimpo-

135 4307 274 4386 siturus,
308 4308 401 4374 addit
424 4307 554 4374 brevem
580 4306 662 4393 legis
686 4306 813 4393 Moysis
844 4307 886 4376 de
911 4309 1075 4377 sacrificiis
1100 4313 1143 4378 ad
1164 4311 1351 4380 animalium

133 4409 306 4476 discrimen
321 4410 514 4500 pertinentis
529 4409 840 4498 interpretationem,
857 4433 922 4501 qua
936 4415 970 4479 et
984 4413 1133 4484 iudaeos
1149 4417 1185 4482 et
1202 4414 1349 4482 haereses

134 4515 168 4579 et
182 4535 256 4580 vere
276 4513 381 4580 iustos
402 4513 466 4580 iam
486 4514 557 4579 tum
577 4513 715 4600 mystice
735 4512 884 4596 discerni,
908 4515 1078 4584 ostendere
1097 4517 1179 4588 vult.
1225 4517 1347 4587 Deinde

133 4615 387 4707 disputationem
402 4614 567 4685 concludit
580 4614 641 4684 hoc
654 4615 760 4688 modo.
777 4655 816 4666 —
