2830 5052
732 309 795 374 146

154 491 312 570 abiectus,
326 491 479 560 deformis
494 514 535 558 ex
549 491 693 578 pulchro,
709 517 749 560 ex
764 517 843 562 sano
857 493 1018 560 infirmus:
1033 493 1157 582 pudore
1170 493 1269 564 allicit
1279 479 1350 570 euin,
1404 545 1405 548 η

153 596 209 683 qui
229 597 425 672 tentaverat,
447 593 611 660 benedicit
629 597 670 678 ei,
692 597 748 683 qni
767 597 978 675 formaverat3
1009 597 1150 664 secunda
1169 596 1219 662 ita
1235 576 1303 675 fert,
1321 599 1352 662 ut
1404 647 1405 682 3

151 696 269 784 prima,
282 697 388 762 virum
402 696 587 784 gnosticum
602 699 732 766 casibus
747 699 897 768 omuibus
910 702 998 766 recte
1011 699 1063 766 nti
1077 721 1185 788 posse,
1199 699 1294 786 probe
1304 700 1352 765 do·
1403 759 1405 768 ὲ

152 821 237 866 cens.
282 799 370 866 Sunt
384 804 493 866 autem
508 801 655 865 veterum
672 802 832 887 'martyria
851 801 1070 870 conversionis
1090 800 1283 888 exemplaria
1295 800 1353 887 glo·
1397 850 1402 861 .

151 902 236 968 riose
250 908 400 986 ,sacrata
446 900 575 992 Corpus
593 901 706 986 igitur,
729 903 876 988 quamvis
903 904 949 970 sit
968 903 1219 972 sustentandum
1239 906 1354 991 propter
1394 874 1405 1010 l

151 1001 233 1069 bene
248 1003 430 1082 vivendum,
451 1007 561 1068 tamen
579 1024 645 1068 non
663 1003 762 1070 dehet
786 1005 911 1096 animae
935 1005 1002 1072 ullo
1027 1003 1123 1072 modo
1141 1026 1215 1072 esse
1232 1003 1354 1091 impedi·
1401 1037 1406 1100 3

150 1109 277 1182 ment03
304 1105 377 1193 ipso
397 1106 483 1172 enim
496 1104 639 1199 dolorem
657 1107 814 1193 patiente,
834 1107 942 1174 anima
962 1108 1008 1172 sit
1025 1107 1210 1194 impatiens.
1255 1106 1353 1174 Virtus
1405 1167 1406 1176 ,

150 1208 237 1276 enim
251 1229 356 1294 neque
369 1209 440 1296 pati
453 1211 566 1296 potest
579 1229 684 1293 neque
697 1213 875 1296 aegrotare.
919 1210 985 1291 Qui
1005 1211 1114 1276 antem
1134 1209 1302 1294 utriusque
1313 1209 1355 1274 cst
1404 1267 1406 1304 ,

149 1310 311 1399 particeps
328 1309 435 1390 simul,
454 1314 489 1375 et
502 1307 607 1376 morbi
620 1310 656 1376 in
669 1333 811 1400 corpore,
827 1316 862 1378 et
874 1310 1008 1380 virtutis
1022 1312 1057 1378 in
1071 1309 1190 1390 amma
1204 1311 1279 1378 huic
1291 1307 1355 1374 lorti
1405 1365 1406 1406 ἶ

150 1435 232 1501 opus
247 1415 300 1478 est
314 1413 524 1480 continentia.
547 1412 587 1477 In
602 1414 752 1480 omnibus
765 1415 877 1502 igitur,
890 1435 1100 1505 quaecunque
1113 1413 1157 1494 ad
1167 1435 1285 1502 corpus
1294 1433 1354 1500 per-
1403 1471 1406 1509 ,Σ

149 1515 266 1594 tinent,
287 1538 366 1581 cura
391 1516 535 1604 corporis
560 1515 708 1582 habenda
733 1521 785 1584 est
808 1523 942 1606 propter
966 1516 1117 1584 animam.
1162 1513 1355 1604 Quapropter
1405 1576 1406 1612 ,

148 1617 239 1683 nulla
258 1617 410 1704 voluptas
430 1640 489 1704 per
508 1639 544 1684 se
564 1622 599 1684 et
618 1623 752 1705 propter
771 1642 807 1684 se
832 1624 885 1686 est
904 1618 1096 1708 appetenda,
1115 1618 1182 1684 imo
1204 1621 1268 1696 est,
1287 1637 1355 1702 quse

150 1719 279 1786 omnino
298 1719 454 1805 fugienda
479 1719 533 1784 sit.
577 1718 738 1787 Similiter
757 1722 883 1788 dolores
908 1721 990 1787 ahos
1015 1722 1204 1802 toleramus,
1226 1720 1355 1808 fugimus

148 1822 240 1888 ahos.
283 1821 343 1886 Fit
362 1823 472 1884 autem
493 1812 610 1887 electio
630 1826 665 1888 et
683 1823 763 1910 luga
788 1825 937 1890 scienter.
980 1823 1109 1890 Bonum
1133 1827 1187 1892 est
1206 1846 1285 1911 ergo
1302 1843 1355 1888 non
1405 1811 1406 1816 ¹

148 1924 300 2012 voluptas
317 1923 375 1988 sed
390 1921 535 1988 scientia.
577 1923 712 2010 Iamque
726 1931 851 2012 martyr
864 1927 1029 2014 praesenti
1043 1927 1153 1996 dolore
1166 1927 1355 2016 voluptatem
1405 1987 1406 1990 ,

150 2050 208 2116 spe
222 2025 412 2114 capiendam
426 2025 530 2110 eligit.
574 2027 648 2092 Non
665 2028 769 2114 igitur
787 2029 909 2094 malum
921 2031 1124 2117 martyrium.
1165 2029 1254 2096 Nam
1269 2025 1355 2116 siqui·

149 2131 223 2196 dem
237 2132 271 2196 in
287 2128 343 2194 siti
364 2128 455 2195 dolor
475 2128 706 2209 consideretur,
726 2131 879 2219 voluptas
898 2135 1007 2198 autem
1027 2133 1063 2198 in
1076 2135 1174 2221 poto:
1195 2131 1298 2209 dolor,
1312 2127 1357 2214 qui

146 2230 372 2322 praecesserit,
387 2231 530 2298 efficiens
545 2232 609 2298 erit
622 2234 800 2322 voluptatis
808 2257 819 2312 ;
840 2255 900 2300 nec
913 2257 990 2301 vero
1003 2235 1124 2304 malum
1135 2235 1215 2302 boni
1225 2234 1289 2302 erit
1298 2230 1355 2298 effi·
1405 2223 1406 2226 '

146 2336 251 2400 ciens:
266 2336 419 2398 neutrum
433 2355 511 2418 ergo
525 2338 579 2399 est
592 2335 722 2402 malum.
752 2333 817 2403 Cui
830 2337 1012 2404 sententiae
1025 2338 1256 2422 assentiuntur
1268 2337 1353 2404 etiam
1405 2425 1406 2428 Ἴ

146 2440 181 2504 et
195 2439 311 2525 poetae
326 2435 361 2500 et
373 2433 557 2522 philosophi
567 2445 609 2518 ¹).
1405 2497 1406 2500 ,

210 2537 340 2616 „Beati,
360 2537 693 2626 quipersecutionem
718 2537 888 2626 patiuntur
911 2543 1047 2628 propter
1069 2541 1271 2622 iustitiam‚“
1291 2539 1355 2605 dun

145 2640 195 2706 ait
209 2641 364 2708 Servator
383 2643 497 2706 noster
514 2639 569 2706 ille
589 2643 734 2717 sanctus,
750 2639 789 2724 ‚in
808 2641 896 2708 omni
918 2663 998 2710 casu
1016 2665 1170 2730 qrracrere
1188 2647 1355 2730 martyrem
1406 2631 1407 2634 ¹

144 2746 259 2832 aperte
277 2764 338 2808 nos
357 2741 453 2807 docet
459 2764 469 2818 ;
497 2742 564 2831 qui,
585 2743 614 2808 si
632 2741 732 2808 fuerit
750 2765 874 2832 pauper
892 2748 1026 2832 propter
1048 2746 1224 2826 iustitiam,
1248 2746 1355 2814 bonum

144 2865 218 2912 esse
237 2847 391 2924 testatur,
413 2867 512 2933 quam
533 2844 657 2921 dilexit,
678 2843 854 2923 iustitiam
887 2851 922 2912 et
947 2847 975 2912 ai
1001 2848 1157 2914 esuriat
1180 2853 1225 2915 et
1251 2845 1357 2914 sitiat
1406 2899 1407 2934 ,

143 2951 310 3036 propter
324 2946 546 3030 iustitiam,
560 2945 723 3012 iustitiam
736 2950 880 3013 testatur
892 2957 966 3016 esse
979 2949 1149 3036 optimum.
1173 2949 1291 3042 Neque
1303 2948 1354 3036 igi·

143 3055 200 3118 tur
210 3050 359 3116 absolute
369 3071 540 3138 pauperes,
548 3049 605 3116 sed
616 3071 683 3128 eos,
690 3049 746 3134 qni
755 3055 889 3138 propter
897 3051 1059 3118 iustitiam
1073 3052 1286 3120 voluerint
1297 3049 1355 3118 fieri

144 3174 315 3242 pauperes,
335 3152 450 3218 beatos
470 3174 543 3218 esse
561 3152 651 3218 dicit.
694 3151 735 3216 Id
754 3153 841 3242 quod
860 3176 925 3220 non
943 3153 986 3218 ad
1009 3158 1241 3242 paupertatem
1263 3156 1356 3224 solum
1406 3213 1407 3222 ,

145 3258 285 3342 spectat,
304 3276 416 3320 verum
437 3255 535 3320 etiam
555 3253 685 3337 omnino
704 3253 747 3318 ad
765 3255 970 3322 Dominicam
989 3256 1268 3338 exercitationem,
1283 3276 1356 3345 qnae

144 3357 284 3422 animam
300 3355 434 3422 abducit
448 3380 468 3421 a
483 3377 626 3444 corpore,
640 3356 737 3422 modo
753 3378 788 3421 se
801 3356 875 3444 ipsa
885 3358 1110 3442 transferendo
1121 3359 1246 3438 avellit,
1255 3360 1313 3442 ita
1323 3358 1356 3422 ut

143 3463 290 3524 nostram
305 3458 517 3544 fragilitatem
532 3457 730 3546 applicemus
744 3458 787 3524 ad
800 3459 853 3525 dei
865 3459 1149 3551 incorruptionem.
1170 3461 1241 3530 Dei
1255 3467 1356 3530 autem
1406 3545 1407 3550 ἵ

144 3561 297 3628 voluntas
311 3563 374 3638 est,
390 3563 429 3626 ut
442 3560 538 3626 deum
560 3582 802 3648 cognoscamus,
818 3561 910 3628 cuius
930 3563 1073 3650 cognitio
1090 3563 1164 3652 ipsa
1182 3567 1238 3630 est
1257 3565 1355 3630 incor-
1406 3633 1407 3638 .

141 3660 304 3751 ruptionis
319 3662 389 3728 eius
404 3663 662 3729 communicatio.
683 3662 750 3728 Dei
763 3666 873 3728 autem
888 3651 1032 3752 cognitio
1042 3665 1194 3732 illaredit
1203 3668 1249 3734 ad
1258 3661 1355 3734 nostri

140 3767 246 3855 ipsius
261 3765 491 3852 cognitionem,
506 3790 603 3856 quam
618 3766 766 3852 sequitur
779 3764 821 3830 ad
842 3764 953 3832 divina
972 3767 1149 3835 conversio.
1193 3768 1263 3836 Sed
1275 3786 1355 3833 mar-

140 3869 275 3955 tyrium,
290 3867 377 3952 quod
390 3869 425 3934 in
438 3868 535 3934 huius
550 3869 745 3956 cognitionis
759 3871 794 3934 et
808 3870 1026 3936 conversionis
1040 3870 1205 3938 doloribus
1215 3869 1354 3936 cernitur

141 3971 183 4039 ed
197 3972 304 4059 ipsam
317 3976 454 4038 mortem
468 3994 572 4058 usque
586 3971 682 4038 valet.
725 3970 914 4060 Philosophi
934 3973 1044 4056 etiam,
1060 3973 1151 4040 nulla
1168 3971 1288 4060 agendi
1302 3963 1354 4058 spo

139 4073 264 4150 relicta,
284 4075 421 4138 mortem
441 4073 655 4140 voluntariam
682 4072 870 4142 admittunt
911 4075 963 4141 At
981 4098 1058 4142 vero
1076 4079 1192 4145 nostra
1208 4067 1354 4158 martyrii

139 4195 226 4240 mors
240 4195 282 4240 ne
296 4174 480 4242 voluntaria
493 4177 624 4264 quidem
636 4178 699 4241 est.
740 4175 844 4241 Iudex
859 4176 955 4255 enim,
971 4179 1027 4267 qui
1041 4179 1075 4246 vi
1088 4181 1195 4267 urget,
1210 4179 1251 4244 ut
1264 4173 1353 4240 Dile-

138 4279 230 4344 ctum
243 4278 575 4368 negemus,·quisnsm
590 4278 650 4344 deo
666 4279 711 4344 sit
725 4278 859 4358 amicus,
874 4279 948 4369 quis
962 4301 1029 4348 non
1045 4279 1101 4360 sit,
1115 4281 1268 4369 detegere
1282 4283 1352 4344 tm-

137 4383 210 4446 tmn
223 4380 372 4448 videth
402 4380 470 4448 Hic
486 4404 529 4450 ne
546 4379 692 4452 deletus
712 4379 843 4471 quidem
854 4382 942 4452 inter
954 4382 1060 4464 minas
1073 4383 1241 4456 hominum
1254 4385 1292 4454 et
1304 4375 1353 4446 dei

191 4598 216 4667 ¹)
233 4615 262 4665 p,
273 4601 421 4659 tit-575.
