2830 5052
609 301 670 370 101

536 388 738 410 ρ--ιιῇ

71 487 178 556 dixerim
191 486 237 554 rel
254 506 392 567 caveam,
413 485 553 558 scribere
572 489 706 568 veritus,
727 508 769 558 ne
782 507 892 576 puero,
914 489 954 555 ut
967 486 1173 577 proverbium
1187 491 1250 569 est,

70 590 208 679 praebeam
220 589 371 677 gladium.
415 591 574 674 Quamvis
588 593 674 660 enim
688 589 766 656 mibi
779 591 859 658 haec
873 591 1129 679 conscripserim,
1140 595 1250 660 tamem

68 691 193 780 inpedire
204 713 267 760 non
282 696 405 782 potero,
419 716 461 763 ne
475 693 647 781 aliquando
662 693 811 762 edantur.
842 692 973 762 Littera
987 696 1095 762 autem
1111 694 1249 764 interro·

69 793 135 879 groti
147 795 316 883 respondet
334 795 419 864 idem
434 796 621 876 identidem,
636 797 676 864 ut
690 816 818 882 semper
830 795 882 862 vel
897 798 1027 892 auctore
1042 797 1093 864 vel
1108 796 1171 872 alio
1185 797 1249 864 eis·

71 896 120 962 den
130 897 270 985 vestigiis
285 895 480 986 ingredienti
501 903 598 988 egeat
616 900 805 987 interprete.
848 895 1011 966 Nonnulla
1024 897 1123 966 etism
1140 898 1250 988 Scrip-

72 1001 120 1068 tura
134 999 206 1066 mihi
225 1000 321 1087 quasi
339 1000 523 1088 aenigmate
540 1001 674 1082 indicat,
693 1005 729 1070 st
747 1002 782 1066 in
802 999 853 1068 his
876 999 1005 1086 quidem
1032 1023 1128 1090 saepe
1147 997 1252 1068 multa

69 1120 118 1168 erse
135 1104 278 1190 cogetur3
306 1101 442 1172 aliorum
461 1104 564 1174 solam
582 1105 681 1172 faciet
698 1103 910 1180 mentionem
941 1105 1019 1170 sumt
1038 1101 1149 1183 etiam,
1168 1125 1252 1191 quae

67 1201 147 1268 celem
160 1203 274 1284 dicere,
288 1205 456 1276 occultans
470 1207 606 1296 aperire,
621 1210 734 1290 tacens
747 1206 918 1274 ostendere
929 1205 1108 1272 conabitur.
1122 1204 1252 1274 Deinde

66 1326 126 1393 quse
137 1305 173 1372 ab
186 1306 370 1396 insignibus
389 1307 577 1378 haeresibus
597 1310 753 1398 dogmate
767 1307 993 1386 defenduntur,
1008 1310 1159 1398 exponet,
1173 1329 1251 1376 ccu-

65 1407 103 1472 trr
112 1429 182 1494 quae
194 1409 243 1478 ita
257 1411 356 1491 dicet,
371 1413 410 1482 nt
429 1411 528 1478 animi
548 1411 644 1478 simul
658 1401 898 1501 ‘praeparentur
912 1410 954 1476 ad
968 1416 1076 1496 γνῶσιν
1090 1409 1250 1500 accipisn-
1271 1451 1279 1458 ‚

65 1506 128 1588 dam,
145 1511 231 1580 uelut
252 1512 407 1601 agricola,
431 1513 621 1604 priusquam
646 1514 775 1582 vineam
799 1513 939 1603 plantat,
961 1533 1077 1601 agrum
1102 1535 1123 1582 a
1149 1512 1252 1602 spinis

65 1613 485 1705 omniqueberbapurgat¹).
768 1677 770 1684 ι

110 1713 209 1803 Neque
229 1741 309 1786 vero
327 1719 470 1809 optimis,
491 1739 574 1805 quae
597 1715 801 1806 philosophia
826 1717 1016 1804 ceteraeque
1041 1721 1097 1804 τῆς
1120 1739 1252 1804 προπαι-

67 1815 127 1890 δείας
141 1819 328 1910 disciplinae
348 1821 515 1910 praebent,
536 1821 587 1888 uti
609 1819 830 1889 commentarii
855 1817 960 1886 nostri
983 1817 1193 1898 dubitabunt,
1214 1821 1253 1886 ut

70 1936 114 1982 non
122 1920 215 1990 solum
229 1921 255 1992 J
256 1922 369 1992 udaeis
382 1924 408 1993 J
409 1925 542 2002 udacus,
559 1922 617 1990 sed
632 1920 779 1990 Graecus
794 1943 921 2010 quoque
937 1917 1072 1988 Graecis
1086 1922 1171 1988 diam.
1203 1919 1253 1988 Ne

73 2021 144 2088 auhn
156 2024 256 2092 nimia
271 2028 411 2094 attentio
426 2026 525 2094 anirni
539 2027 624 2092 vires
638 2025 842 2112 frangantur,
857 2045 1001 2090 recreare
1015 2045 1089 2090 eum
1105 2021 1252 2092 studebi-

70 2137 125 2200 ΠΜ,
137 2127 226 2214 qussi
241 2129 329 2198 dulci
344 2129 484 2216 quodam
499 2127 713 2204 condimento,
729 2125 970 2214 disciplinarum
991 2125 1100 2213 eopia3
1123 2128 1252 2194 conha-
1392 2153 1395 2160 ’

66 2241 116 2307 ‘lit
127 2249 163 2296 ue
175 2231 272 2299 nimis
287 2234 483 2310 remittetur,
498 2229 665 2320 opiniones
680 2249 839 2314 vocesque
852 2227 1095 2308 iuteriiciemus,
1111 2251 1193 2318 quac
1214 2230 1254 2295 ut

65 2327 193 2412 attendat,
213 2334 369 2402 efficiant.
414 2335 480 2403 Sed
500 2333 586 2424 quod
606 2332 727 2398 attinet
746 2330 788 2397 ad
812 2327 1064 2422 philosophiamr
1093 2331 1149 2398 olii
1166 2329 1253 2399 idam
1373 2337 1377 2363 ¹

64 2425 133 2498 alter
144 2435 264 2504 vident.
302 2436 376 2525 Ego
390 2440 500 2506 autem
514 2433 760 2524 philosophiam,
775 2455 840 2502 ucu
854 2434 894 2500 ut
906 2435 1021 2520 pastor
1034 2455 1127 2500 ovem
1142 2432 1200 2500 sed
1214 2435 1254 2499 ut

63 2548 167 2618 coquus
182 2539 362 2619 considero,
377 2540 519 2608 dructum
534 2561 575 2606 ex
588 2560 627 2604 ea
640 2534 830 2624 percipiens.
872 2533 920 2604 Et
934 2534 1002 2602 scio
1016 2535 1156 2622 quidem,
1172 2533 1252 2615 fore,

62 2626 176 2716 quiideo
188 2643 269 2710 mihi
283 2643 516 2712 contradicant.
561 2640 767 2724 Quamquam
785 2635 846 2704 bac
866 2657 902 2702 re
921 2635 1053 2704 minime
1067 2635 1252 2716 conturbor,
1383 2659 1392 2676 ‘

61 2740 184 2820 quoniam
198 2767 265 2814 uon
279 2745 310 2812 ei
324 2743 398 2814 libri
412 2747 542 2812 tautum
556 2742 675 2810 rationi
689 2740 894 2818 conveniunt,
907 2737 963 2828 qui
974 2762 994 2806 a
1007 2738 1253 2828 reprehensione

60 2857 168 2922 prorsum
187 2847 285 2916 alieni
304 2850 448 2925 manent,
469 2868 581 2914 verum
600 2845 700 2911 etiam
720 2842 776 2932 qui
794 2843 955 2908 anemius
970 2840 1160 2930 reprehendi
1174 2864 1251 2928 pos-

60 2947 120 3008 sunt
131 2950 252 3018 merito.
277 2950 345 3018 Sed
359 2949 486 3017 Graeca
500 2945 713 3036 philosophia,
728 2947 888 3034 quatenus
903 2946 1003 3022 recto,
1019 2941 1082 3020 usi,
1097 2943 1251 3030 quemad-

58 3047 164 3116 nodum
176 3052 339 3142 agricolae
350 3055 471 3120 terram
485 3049 625 3136 irrigant
639 3069 749 3114 semen
764 3046 920 3134 sparsuri,
936 3043 1137 3114 Graecorum
1155 3044 1253 3112 oorda
1353 3049 1359 3062 “

58 3143 199 3220 adremon
213 3153 384 3244 spirituale
399 3152 639 3240 suscipiendum
654 3169 894 3238 praeparamus.

106 3249 325 3326 consuebant
342 3256 444 3344 igitur
457 3254 490 3322 hi
503 3254 588 3332 libri,
604 3255 660 3340 qui
675 3253 870 3342 Στρωματεῖς
883 3248 1117 3326 inscribuntur,
1132 3246 1252 3316 verita-

58 3349 108 3420 ltn
125 3357 251 3446 placitis
270 3344 500 3447 philosophicis
520 3356 718 3433 admixtam,
732 3353 784 3420 vel
803 3353 913 3442 potius
933 3353 1119 3440 eoopertam
1140 3353 1175 3418 et
1193 3350 1251 3416 ab·

58 3458 227 3530 modum.
270 3459 338 3528 Neo
358 3463 469 3528 temen
489 3483 541 3527 me
561 3461 656 3537 latet,
677 3457 797 3548 duplex
818 3477 891 3524 esse
909 3454 1074 3538 hominum
1095 3475 1210 3542 genus,
1233 3475 1254 3518 a

58 3557 155 3638 quibu
168 3584 347 3654 oppugner.
381 3561 577 3656 Suntenim,
592 3561 698 3630 timidi
713 3560 743 3628 ei
758 3558 898 3650 quidem,
913 3558 969 3644 qui
983 3579 1022 3624 ea
1035 3559 1165 3624 tanturn
1180 3577 1253 3621 csse

58 3656 216 3747 tactura,
230 3689 313 3755 queo
325 3665 509 3734 neccssaria
523 3665 591 3734 sint
605 3663 647 3732 ad
660 3663 767 3742 fidem,
779 3660 948 3740 sicutenu
964 3659 1152 3751 quinetiam
1164 3659 1253 3736 sunt,

58 3785 238 3810 ’χι-..-

99 3845 121 3914 ¹)
136 3851 170 3905 la
180 3855 280 3936 Nonrry
291 3857 318 3908 in
330 3855 406 3907 huius
416 3855 474 3908 libri
487 3855 584 3922 suslysi
595 3855 644 3906 hcc
656 3854 711 3906 loeo
722 3853 787 3904 baec
797 3853 889 3904 habete
907 3850 984 3916 „Post
996 3849 1060 3902 base
1071 3863 1130 3900 vero
1141 3846 1184 3900 ille
1195 3863 1254 3900 nar·
1384 3843 1391 3854 '

58 3935 96 3995 ¹⁸⁸2
107 3940 162 4001 quid
172 3941 199 3994 in
210 3943 248 3994 sis
260 3949 285 3994 at
297 3955 348 4007 qua
359 3942 478 3994 methodo
490 3944 523 3994 sit
534 3943 707 4008 disputaturus
723 3942 755 3991 de
771 3938 842 3990 falsis
858 3939 998 3990 errantium
1013 3942 1139 3986 sectarum
1151 3934 1255 3998 dogma·

58 4013 110 4070 ibus
125 4023 187 4077 slis
203 4029 330 4094 quidem
348 4027 496 4094 celando,
514 4027 581 4082 alia
597 4041 683 4089 vero,
701 4038 784 4092 quae
801 4037 839 4073 ex
852 4024 1036 4075 venarando
1052 4018 1256 4082 traditionis,

58 4099 162 4172 *bipes
178 4115 284 4164 mundi
306 4120 377 4164 ortu
400 4105 578 4176 deonotus,
593 4113 705 4178 regula
728 4111 766 4162 ad
787 4114 930 4160 nostram
951 4105 1168 4172 cognitionem
1185 4118 1255 4168 per·

58 4196 206 4264 venerant,
220 4198 269 4250 rel
279 4199 445 4252 obscurius
457 4197 506 4248 sel
523 4197 645 4250 clarius
656 4197 858 4260 explicando,
870 4197 908 4247 ita
918 4199 947 4246 ut
958 4193 998 4244 his
1010 4191 1209 4255 praelusionibus
1221 4192 1255 4244 sd

58 4273 177 4334 Macram
184 4283 311 4354 θεωρίαν
319 4291 345 4336 et
353 4284 588 4350 contemplationem
598 4282 786 4335 deducamur.“
821 4278 852 4330 Irr
860 4277 1052 4344 quibus,nescic
1063 4292 1115 4343 qus
1125 4291 1153 4330 rs
1165 4275 1254 4343 dadam,

60 4362 129 4414 emnia
136 4372 259 4432 pervertit.
275 4371 342 4423 Nam
352 4371 563 4434 „venerandadlls
572 4369 689 4420 traditic“
697 4365 762 4418 nihil
774 4366 843 4416 aliud
854 4371 900 4428 est,
908 4364 957 4415 nisi
965 4361 1106 4429 „possmus
1112 4359 1255 4431 demptus*

60 4451 225 4520 mentum,
239 4457 306 4524 quod
316 4459 400 4524 ipsum
411 4457 558 4508 haeresibus
569 4455 709 4507 refutandis
720 4457 894 4519 praeparatur.
915 4449 971 4502 Nec
981 4463 1056 4515 porro
1067 4448 1171 4501 calando
1182 4449 1254 4513 quid-

61 4539 123 4589 (Μ
132 4536 242 4594 haeresos
254 4543 375 4612 disputat.
412 4537 469 4609 lpse
480 4541 554 4594 velim
566 4543 716 4606 consideres,
728 4539 856 4604 quomodo
868 4537 1008 4590 sententiae
1023 4549 1106 4589 naas
1122 4536 1173 4588 sint
1189 4536 1255 4588 inter

62 4622 271 4684 ”stammana
