2830 5052
597 345 887 428 ro„

55 534 119 599 ritus.
157 531 366 614 Quamobrem
379 530 501 598 fractae
517 533 596 597 sunt
609 551 720 596 eorum
730 528 872 608 tabulae,
887 529 946 614 qni
959 527 1031 594 duri
1042 531 1137 596 erant
1149 533 1220 598 eor.

55 635 100 710 dis,
117 636 150 699 ut
170 634 246 700 fides
264 634 403 702 filiorum
429 633 669 722 imprimeretur
691 631 812 698 teneris
832 632 866 696 iu
883 631 1056 698 mentibus.
1100 633 1221 726 Verum

51 735 130 812 ctiam
142 737 294 820 quomodo
311 737 463 804 Christus
477 757 536 823 per
549 735 727 822 Apostolos
738 733 894 801 institunt
904 734 1002 812 filios,
1015 735 1220 802 audiendum.

52 835 194 923 „llepoeito
205 840 382 917 mendacio,
400 837 568 924 loquimini
577 837 748 904 veritatem
759 837 981 923 unusquisque
994 857 1066 902 cum
1077 835 1222 924 proximu

56 959 105 1014 suo,
116 940 247 1024 quoniam
260 963 375 1007 sumus
390 941 474 1007 alter
488 940 621 1006 alterius
636 939 789 1006 membra.
835 939 892 1005 Sol
906 959 971 1004 non
986 940 1113 1006 occidat
1127 961 1223 1027 super

55 1037 206 1107 iracundiam
220 1047 376 1122 vestram,
391 1065 495 1130 nsque
508 1044 612 1109 locum
629 1041 705 1106 date
719 1040 859 1126 diabolo„
886 1039 954 1124 Qui
962 1042 1142 1120 iurabatur,
1157 1063 1222 1106 nou

51 1141 150 1228 euplius
162 1145 297 1222 iuretur,
314 1145 371 1210 sed
383 1145 493 1234 potius
514 1145 650 1222 laboret,
666 1165 803 1232 operans
824 1143 957 1222 bouum,
976 1149 1015 1210 ut
1034 1143 1141 1232 possit
1159 1143 1220 1208 im-

47 1244 130 1327 pertiri
142 1247 254 1332 egenti.
287 1245 404 1314 Omnia
420 1247 601 1314 amaritudo
616 1247 709 1313 stira
724 1249 758 1310 et
768 1245 1035 1312 excandescentia
1049 1251 1083 1313 et
1098 1247 1223 1331 [elamor

47 1347 261 1416 etualedietum
276 1349 413 1416 tollatur
427 1347 549 1416 avobis
565 1371 637 1416 oum
653 1347 739 1413 omni
753 1343 842 1414 vitio.
885 1347 1004 1414 Estote
1023 1350 1106 1416 alter
1125 1350 1159 1416 in
1173 1349 1221 1416 al·
1341 1394 1345 1413 .

46 1448 123 1514 terum
135 1449 270 1538 benigni,
285 1451 521 1530 misericordes,
537 1451 631 1518 uobis
650 1451 787 1517 invicem
807 1449 1044 1538 gratificantes,
1068 1451 1222 1536 quemad-

49 1549 142 1636 modum
155 1553 230 1620 dena
246 1575 377 1641 quoque
394 1554 485 1620 vobis
498 1553 534 1618 iu
549 1551 682 1619 Christo
696 1551 900 1639 gratificatus
915 1553 982 1618 estl
1012 1552 1131 1638 Estote
1145 1573 1223 1639 ergo

50 1652 182 1732 prudentes
196 1661 231 1724 et
245 1657 301 1724 dei
315 1657 496 1722 imitatores
512 1657 597 1722 sieut
611 1655 668 1722 dlii
683 1654 807 1732 dileoti,
827 1659 862 1721 et
880 1654 1044 1720 ambulate
1068 1654 1103 1718 in
1123 1653 1221 1719 dilec-

48 1749 108 1818 tione
119 1756 238 1826 sioutet
253 1758 409 1827 Christus
425 1758 540 1824 dilexit
555 1781 625 1825 vos.
669 1757 824 1824 Mulieres
840 1757 968 1843 quidem
988 1756 1127 1845 propriis
1142 1757 1221 1822 viris

50 1853 228 1939 subiciantur,
250 1866 410 1949 tanquam
424 1861 567 1926 dominol
592 1860 705 1928 Mariti
721 1865 834 1932 autem
850 1883 926 1926 suas
941 1881 1058 1926 uxores
1074 1859 1222 1954 diligant,

52 1949 113 2018 sicut
123 1953 260 2031 Christus
285 1964 399 2030 dilexit
418 1961 621 2029 ecelesiam.“
665 1963 708 2030 Se
728 1985 806 2060 ergo
825 1963 963 2030 invicem
982 1962 1136 2049 diligant,
1167 1961 1223 2048 qui

56 2058 110 2120 runt
118 2063 276 2156 coniuncti,
294 2065 403 2145 „siout
421 2065 552 2154 propria
571 2087 716 2153 corpora.
759 2065 850 2144 Filii,
878 2065 1007 2131 obedite
1026 2065 1144 2130 vestris
1163 2086 1223 2149 pe·

51 2158 168 2230 rentibusl
190 2167 384 2246 Patreane
399 2170 572 2255 provocate
586 2167 628 2232 ad
642 2169 723 2232 iram
737 2167 820 2234 filios
836 2173 980 2246 vestros,
1011 2167 1068 2232 aed
1088 2167 1223 2231 educate

50 2260 123 2327 eocin
138 2266 306 2358 disciplina
325 2279 361 2335 et
378 2269 596 2336 admonitione
615 2267 763 2334 Dominil
795 2269 903 2347 Servi,
933 2267 1061 2334 obedite
1085 2267 1223 2333 dominis

49 2365 187 2435 secuudum
212 2391 343 2437 earnem
367 2391 441 2437 eum
466 2371 580 2436 timore
601 2374 635 2436 et
661 2374 800 2438 tremore
824 2371 859 2436 in
885 2369 1092 2458 simplicitate
1118 2370 1223 2437 eordie

46 2463 208 2538 vestrisiout
223 2470 369 2550 Christo,
386 2495 426 2538 ex
440 2471 546 2539 animo
562 2495 634 2538 oum
650 2472 873 2543 benevolentia
889 2473 1080 2541 servientesl
1104 2473 1151 2539 Et
1165 2473 1223 2540 do·

45 2561 109 2672 {llll
122 2568 295 2642 beneiaoite'
310 2577 413 2640 servis
428 2577 558 2654 vestris,
573 2576 778 2643 remittentes
793 2577 908 2656 minas,
925 2576 1074 2654 seientes,
1091 2577 1177 2666 quod
1191 2579 1226 2644 et

43 2681 155 2774 prorum
169 2680 202 2742 et
215 2680 327 2744 vester
341 2675 502 2743 Dominus
518 2681 570 2744 est
582 2680 617 2744 in
632 2679 740 2758 coelis,
756 2683 791 2745 et
803 2703 867 2746 non
882 2682 936 2746 est
944 2701 1100 2768 personae
1111 2701 1225 2768 aceep-

43 2762 85 2829 trol
109 2771 141 2838 di
158 2777 299 2845 vivimus
325 2779 460 2867 spiritu,
487 2782 605 2868 spiritu
621 2785 656 2848 et
675 2781 888 2852 ambulemus.
931 2781 980 2848 Ne
1002 2782 1102 2848 simus
1122 2803 1225 2848 venae

41 2861 133 2946 dl⁰riae
152 2879 279 2968 eupidi3
308 2882 392 2948 alter
410 2879 547 2948 alterum
562 2887 791 2971 provocantes,
815 2885 1009 2951 alteralteri
1032 2884 1226 2950 invidentes.

41 2963 112 3036 Alter
124 2975 257 3048 alterius
272 3005 369 3050 onera
383 2987 523 3070 portate,
538 2986 634 3050 etita
648 2985 781 3073 implete
801 2986 906 3074 legem
924 2983 1059 3078 Christi.
1102 2983 1153 3050 No
1173 3005 1224 3050 er·

40 3067 109 3150 filil,
122 3075 196 3150 deur
210 3107 278 3152 non
293 3085 522 3152 subsannatur.
566 3085 664 3169 Quod
675 3085 794 3153 bonum
808 3092 871 3167 eet,
885 3087 1054 3161 lenientes,
1069 3108 1110 3152 ne
1120 3087 1227 3152 animo

39 3164 211 3278 fllfitlamum
228 3187 359 3276 proprio
373 3188 457 3256 enim
472 3191 617 3276 tempore
632 3193 801 3258 metemus.
846 3191 920 3258 Non
934 3187 1095 3267 dissoluti,
1115 3209 1228 3276 paoem

40 3289 63 3334 111
79 3279 160 3350 uobis
179 3289 284 3376 agitel
314 3291 537 3357 Adhortamur
551 3295 740 3371 antemos,
756 3293 885 3371 iratres,
902 3291 1071 3358 admonete
1085 3291 1227 3357 insolen-

40 3371 86 3453 lll,
99 3391 302 3458 consolamini
316 3393 537 3480 pusillanimes
543 3441 553 3472 ,
576 3394 736 3462 sustinete
751 3393 911 3474 infirmos,
941 3393 1104 3483 patientes
1123 3397 1230 3462 estote
1320 3469 1323 3478 ¹

40 3491 98 3586 illl
110 3493 230 3559 omnesl
261 3493 389 3572 Videte,
405 3497 533 3585 nequis
548 3495 669 3564 malum
690 3498 785 3564 alicui
799 3517 860 3588 pro
873 3496 958 3562 malo
977 3497 1102 3564 reddat.
1148 3495 1225 3584 Spi-

38 3580 115 3650 utum
127 3611 167 3658 ne
181 3595 412 3683 exstinguatis
439 3597 647 3686 Prophetiam
662 3623 703 3667 ne
714 3599 805 3667 nihili
819 3599 956 3668 ducatis.
986 3599 1106 3666 Omnia
1115 3601 1224 3664 autem
1261 3608 1274 3623 ‘

38 3681 158 3773 imbuite,
174 3699 208 3766 et
224 3699 311 3786 quod
325 3698 444 3766 bonurn
460 3704 512 3768 est
525 3701 649 3768 tenetel
663 3701 718 3768 Ab
729 3702 815 3768 omni
831 3701 938 3792 speeie
951 3703 1036 3768 mala
1047 3700 1224 3768 abstinete!

39 3773 210 3868 lucratione
225 3805 440 3891 perseverate,
460 3802 633 3890 vigilantes
647 3803 682 3868 in
696 3803 779 3892 ipsa,
794 3805 828 3870 in
840 3805 1018 3893 gratiarum
1029 3803 1169 3870 actionel
1185 3801 1226 3868 In

39 3887 174 3972 lapientia
188 3905 352 3973 ambulate
367 3905 453 3994 apud
467 3927 535 3988 eos,
556 3905 612 3992 qui
633 3908 726 3972 extra
746 3909 839 3985 sunt,
864 3911 993 3997 tempus
1013 3904 1225 3973 redimentesl

39 3977 130 4062 Sermo
142 4010 250 4073 vester
265 4029 392 4096 semper
404 4007 439 4073 in
451 4007 576 4094 gratia,
604 4009 671 4075 sale
686 4009 731 4075 sit
744 4009 905 4088 conditus,
934 4014 974 4076 ut
986 4009 1116 4086 sciatis,
1145 4029 1227 4099 qno-

37 4091 111 4161 ¹l⁰d⁰
133 4113 281 4194 oporteat
302 4131 361 4177 vos
386 4109 558 4196 unicnique
582 4111 786 4199 respondere.
843 4108 1061 4178 Enutriamini
1085 4110 1129 4177 in
1153 4131 1227 4176 ser-

37 4193 159 4273 monibus
193 4211 280 4278 fidei.
354 4207 578 4278 Exerceamini
615 4213 658 4278 ed
703 4213 875 4302 pietatemc
899 4234 901 4238 ·
922 4214 1096 4302 corporalis
1139 4214 1225 4281 enim

38 4301 200 4378 exerditatio
227 4314 269 4380 ad
296 4313 458 4380 modicum
485 4310 551 4381 est'
565 4315 673 4381 utilis:
709 4315 815 4404 pietas
844 4318 953 4382 autem
969 4317 1036 4382 *est
1060 4313 1157 4382 utilis
1185 4315 1228 4382 ad

39 4400 136 4514 ”mlle
149 4413 280 4486 labens
311 4417 558 4506 promissionem
585 4417 687 4497 vitae,
719 4439 802 4506 quae
826 4423 995 4501 nuneest,
1025 4424 1060 4486 et
1084 4419 1225 4486 loturae.

39 4484 90 4572 dn
118 4509 223 4597 fideles
256 4517 378 4588 habent
404 4519 573 4600 dominos,
601 4538 644 4591 ne
671 4524 896 4603 contemnant,
925 4522 1078 4612 quoniam
1105 4521 1224 4590 iratres

41 4604 112 4688 'llll
131 4621 185 4689 aed
200 4621 306 4712 magis
321 4623 475 4704 serviant,
495 4621 646 4714 quoniam
661 4625 740 4694 suut
752 4622 875 4696 fideles.
918 4623 986 4712 Qui
1004 4624 1154 4717 largitur,
1178 4622 1223 4694 eit
