2830 5052
627 401 829 421 ηιμ-ιι

22 563 31 572 .
122 503 204 574 aas
219 469 397 592 poenosae
416 500 522 570 inanis
537 499 674 587 gloriae,
709 499 1057 590 intemperantiaequoa
1086 499 1144 568 aed
1162 520 1206 568 ne
1219 497 1338 587 longua

125 607 186 676 sim
193 630 203 686 ς
225 606 292 672 iam
305 605 493 691 Paedagogi
507 606 681 692 praecepta
693 603 784 670 brevi
797 603 1013 692 complectens
1034 603 1209 687 aaran).
1270 649 1272 660 -

184 705 329 794 (Balneis
341 709 450 774 autem
465 705 577 774 utendi
592 709 747 796 quattuor
757 720 874 775 causae
888 709 1027 796 possunt
1040 705 1192 792 cogitari:
1209 704 1339 773 mundi·

18 867 21 871 .
124 809 273 888 ticinus,
290 804 393 876 altera
407 809 534 886 caloris,
551 807 702 874 sanitatis
717 808 827 885 tertia,
848 811 965 893 quarta
979 806 1167 894 voluptatis.
1188 819 1190 826 ’
1213 805 1339 896 Volup-

121 911 202 980 tatis
218 911 364 1001 quidem,
385 909 582 999 impudentis
602 910 737 996 ubique,
770 932 868 976 causa
892 932 1024 998 prorsus
1044 908 1228 978 reiicieuda.
1275 907 1339 976 Sed

121 1013 296 1088 lavandum
316 1017 368 1082 est
387 1013 557 1080 munditiei
577 1011 792 1101 sanitatisque
812 1031 911 1078 causa
930 1011 1133 1089 mulieribus,
1162 1011 1245 1078 viris
1266 1032 1341 1078 vero

122 1119 256 1206 propter
271 1117 373 1186 solam
389 1115 579 1183 sanitatem.-
605 1113 666 1180 llla
681 1117 789 1182 autem
804 1114 919 1182 caloris
934 1136 1032 1182 causa
1045 1135 1111 1184 non
1121 1115 1175 1180 eet
1185 1135 1340 1182 necessa·
1399 1161 1403 1166 -

65 1251 67 1255 ·
120 1219 186 1297 ria,
207 1219 284 1306 quia
298 1219 385 1309 quod
399 1217 519 1304 frigore
534 1217 711 1306 collapsum
726 1220 794 1296 eat,
823 1217 918 1285 aliter
933 1215 1043 1304 potest
1056 1217 1211 1294 recreari,
1242 1231 1341 1306 quum

44 1329 49 1374 ἰ
121 1319 307 1408 frequenter
322 1319 428 1390 balnei
443 1342 524 1386 usus
540 1319 610 1386 viro
624 1320 804 1388 naturalem
815 1319 939 1386 roboris
950 1318 1183 1386 vehementiam
1193 1319 1342 1388 relaxent

124 1426 223 1510 atque
236 1421 425 1490 dissolvant.
465 1421 576 1504 Quare
592 1425 626 1490 et
637 1424 793 1512 temporis
808 1420 972 1490 etaetatis
984 1423 1169 1511 etcorporis
1181 1422 1341 1489 rationem

126 1523 303 1618 babeamus
315 1526 453 1614 oportet.
496 1523 610 1613 Neque
626 1547 726 1614 saepe
743 1548 799 1616 per
810 1526 894 1592 diem
913 1525 1085 1594 lavandum
1100 1537 1206 1614 neque
1218 1525 1340 1592 diutius

126 1647 230 1713 neque
252 1627 335 1694 alius
360 1627 499 1694 hominis
523 1649 592 1715 ope.
615 1628 758 1695 =Verum
780 1628 956 1704 enimvero,
986 1650 1084 1717 quum
1108 1649 1340 1718 nonnunquam

123 1729 416 1817 corpuslavemus,
438 1728 627 1816 saepissima
646 1731 687 1796 de
710 1730 808 1828 animi
828 1729 988 1796 munditia
1009 1729 1137 1796 solliciti
1159 1732 1280 1808 simus,
1302 1751 1340 1795 ne

122 1829 218 1900 nobis
233 1832 376 1904 minetur
387 1831 560 1900 Dominus.
604 1831 697 1909 „Vae
710 1831 814 1910 vobis,
830 1833 981 1916 quoniam
996 1832 1171 1910 mundatis,
1188 1833 1279 1924 quod
1293 1834 1340 1898 est

126 1931 340 2013 extrinsecus,
356 1935 463 2026 poculi
478 1938 512 1998 et
526 1931 667 2021 patinae,
683 1935 772 2002 intus
790 1925 1005 2023 autem'plena
1016 1935 1339 2004 suntimmunditia.“

14 2059 18 2069 ¹
123 2035 264 2110 Animua
277 2039 385 2104 autem
397 2036 436 2101 fit
446 2036 585 2102 mundus
598 2037 653 2113 „in
664 2035 901 2125 spiritu'iudicii
910 2039 944 2102 et
953 2037 987 2102 in
997 2036 1113 2126 spiritu
1124 2037 1339 2118 circuisse)

118 2218 124 2229 .
190 2135 287 2220 Quod
303 2140 331 2206 si
345 2137 604 2204 adolescentibus
620 2139 779 2206 delectum
799 2139 884 2204 inter
899 2138 1048 2206 balneum
1068 2143 1104 2206 et
1122 2139 1338 2226 gymnasium,

122 2239 241 2308 babere
255 2241 395 2323 licuerit,
412 2239 670 2326 utrumdeligat,
690 2240 820 2306 minime
834 2235 1070 2336 haesitandum.
1114 2241 1182 2324 Nec
1202 2242 1339 2310 fortasse

123 2341 207 2413 male
219 2343 424 2422 rehabuerit.
438 2342 465 2408 ei
476 2342 537 2410 viri
549 2365 687 2428 quoque,
704 2343 826 2416 balneis
837 2343 1007 2430 gymnasia
1018 2341 1213 2412 anteferant.
1240 2345 1340 2412 Exer-

124 2445 297 2512 citationes
317 2447 401 2515 enim
426 2445 516 2524 illae,
545 2443 604 2512 otii
623 2447 766 2541 tempore
791 2446 949 2512 iucundae
979 2449 1056 2514 sunt
1075 2469 1179 2536 neque
1199 2445 1339 2514 inutiles.
1412 2533 1413 2538 ἵ

125 2546 324 2628 Quinetiam
336 2549 486 2617 mulieres
497 2546 629 2629 habent,
643 2547 677 2614 in
687 2570 750 2637 quo
762 2551 984 2626 exerceantur,
992 2548 1116 2628 lalana,
1127 2541 1206 2628 tela,
1219 2549 1291 2616 aliis
1302 2545 1340 2614 ad

131 2649 262 2716 domum
278 2649 566 2720 administrandam
582 2650 830 2738 pertinentibus.
863 2651 1069 2741 Eaedemque
1082 2673 1124 2718 ne
1137 2652 1269 2740 pistrini
1284 2673 1339 2740 pu-

125 2753 213 2830 deat,
231 2774 311 2818 neve
331 2751 366 2818 iu
379 2751 514 2820 obsonio
529 2744 694 2837 coquendo
707 2753 841 2832 percari,
864 2757 973 2820 vestes
990 2754 1154 2840 stragulae
1179 2756 1338 2826 excutere,

10 2929 17 2946 ι
124 2853 252 2920 sitienti
267 2853 386 2920 marito
407 2855 519 2942 potum
541 2854 710 2944 praebere‚'
738 2857 846 2920 cetera
865 2856 983 2922 similia
1004 2857 1254 2924 subministrare
1270 2877 1338 2922 eru·

125 2955 248 3022 bascat.
293 2955 347 3022 Ex
361 2955 439 3022 viris
455 2978 549 3045 porro
564 2957 626 3024 alii
629 2958 763 3047 quidem
777 2957 856 3023 nudi
870 2958 1045 3034 luctentur,
1066 2947 1120 3027 ¹alii
1132 2982 1233 3048 parvo
1247 2956 1338 3046 globo

126 3058 253 3136 ludant,
275 3082 370 3144 quem
385 3059 497 3126 ludum
510 3059 679 3126 Pho'ninda
692 3063 826 3138 vocant,
847 3061 986 3128 maxime
1006 3061 1039 3124 in
1058 3061 1142 3139 sole3
1172 3061 1247 3128 aliis
1266 3077 1337 3126 vero

70 3211 76 3238 „
125 3160 190 3231 iam
221 3161 341 3228 sufficit
369 3162 596 3230 deambulatio.
639 3163 716 3228 -Imo
750 3163 858 3231 evenit
882 3166 920 3228 ut
947 3185 1079 3252 aquam
1093 3163 1232 3242 haurire,
1253 3163 1338 3250 ligna

126 3263 282 3341 scindere,
298 3265 415 3350 quibus
431 3289 549 3334 usurus
563 3266 619 3342 sie,
635 3265 803 3356 pulchrum
814 3264 982 3332 habeatur.
1009 3264 1166 3334 Similiter
1179 3263 1337 3332 laudanda

125 3387 165 3430 ea
179 3365 379 3445 exercitatio,
392 3391 474 3454 quae
488 3369 522 3434 in
536 3366 691 3444 lectione,
712 3391 795 3456 quae
809 3367 848 3432 fit
867 3366 934 3434 alta
954 3389 1047 3446 voce,
1068 3370 1176 3458 posita
1195 3373 1258 3438 eet.
1301 3364 1336 3430 ln

124 3467 244 3568 quibus
259 3469 408 3536 omnibus
420 3469 500 3536 nihil
513 3469 803 3536 valeat-contentio
822 3487 1007 3560 vanaequae
1026 3471 1147 3558 gloriae
1165 3471 1334 3562 cupiditas.

118 3568 244 3642 ,Modus
260 3571 359 3638 etiam
373 3573 492 3659 ubique
512 3574 667 3649 servetur,
681 3594 723 3638 ne
738 3571 928 3660 morborum
941 3596 1039 3640 causa
1053 3575 1184 3641 oriatur.
1226 3573 1334 3656 Neque

125 3673 211 3740 enim
225 3675 354 3741 omuino
370 3697 442 3742 ease
457 3676 598 3742 otiosum
613 3677 753 3761 oportet,
768 3695 872 3764 neque
886 3676 981 3744 nimis
995 3676 1201 3746 laboriosum.
1230 3669 1335 3740 Media

125 3775 188 3854 via,
206 3798 288 3864 quae
304 3781 357 3842 eat
370 3780 553 3866 temperata
567 3799 606 3842 ao
619 3777 802 3858 nioderata,
818 3781 977 3864 vocatque
991 3774 1081 3855 viiic,
1102 3782 1137 3846 et
1151 3777 1332 3847 deliciarum

126 3880 161 3948 et
174 3879 355 3966 parcitatis.
385 3879 477 3970 'Sed
493 3882 532 3946 nt
546 3905 645 3948 unum
661 3882 793 3958 addam,
814 3881 953 3969 piscatio
968 3903 1110 3969 quoque,
1134 3879 1334 3967 quemaduo

33 4033 37 4036 .
125 3980 203 4046 dum
224 3979 342 4060 Petro,
363 3981 581 4062 admittenda,
608 3985 780 4053 dummodo
801 3984 846 4050 sit
870 3983 972 4071 otium
998 3973 1225 4072 a'disciplinis.
1267 3978 1334 4046 Ista

60 4163 63 4170 .
122 4083 233 4148 autem
248 4083 360 4150 melior
374 4087 426 4152 est
440 4085 590 4173 piscatio,
603 4110 699 4177 quam
715 4087 863 4154 dominns
877 4085 1018 4173 largitus
1034 4089 1087 4152 est
1100 4083 1268 4174 discipulo,
1282 4073 1333 4165 qui

124 4185 280 4270 tanquam
294 4185 402 4272 pisces
416 4187 451 4254 in
466 4210 561 4276 aqua,
577 4189 722 4258 homines
736 4187 855 4278 piscari
869 4187 1040 4274 monitae)

178 4424 205 4490 ¹)
222 4423 410 4491 uara-am.
461 4361 510 4422 ι’

177 4512 189 4541 ¹
312 4541 345 4553 ..

176 4509 204 4662 'l
221 4524 247 4664 l·
258 4509 405 4659 {gl-ld}
438 4601 510 4656 Haec
531 4602 582 4654 dno
598 4601 684 4668 capita
704 4600 760 4654 loco
776 4601 896 4684 dodanta
913 4612 968 4654 eoas
980 4599 1211 4657 manifestissimam
1233 4593 1329 4650 ridetur·
