2972 5048
775 333 816 400 66

192 524 237 590 lit'
247 521 360 588 similis
375 520 537 588 creatoris.
582 517 799 600 Quamobrem
814 499 996 605 generandi'
1007 515 1041 584 vi
1054 515 1143 584 nullo
1157 515 1251 584 modo
1265 511 1387 582 abuten-

192 627 277 694 dum.
301 625 507 716 [lorbepoorr'o
521 620 667 710 inprimi·
682 619 907 698 abominanda,
927 641 1009 709 quoe
1024 619 1168 705 hyaenae
1178 622 1230 686 est
1240 637 1389 693 concessa,

192 751 257 796 non
271 726 402 794 homini.
447 723 512 792 Sed
527 722 568 790 ab
588 724 675 789 omni
687 723 875 790 incestitate
894 721 1131 791 abstinendum.
1174 721 1298 788 Natura
1316 719 1390 786 euim

192 831 265 919 ipsa
279 830 340 894 hoo
354 827 388 892 in
402 847 437 892 re
452 827 606 914 pudorem
625 829 781 916 tanquam
800 821 932 892 virtutis
953 823 1120 890 custode'm
1139 825 1259 914 posuit
1300 821 1346 888 Ne
1362 819 1390 886 in

193 931 342 1017 coniugio
357 929 486 1016 quidem
502 929 570 996 sola
585 928 735 1016 voluptos
756 931 809 995 est
823 923 1021 1014 appetenda3
1045 925 1131 1012 quod
1150 929 1278 1015 praeter
1295 924 1390 1006 finem,

192 1035 228 1100 id
238 1036 368 1124 praeter
387 1031 545 1098 rationem
570 1033 605 1096 et
628 1031 794 1096 virtutem.
837 1029 999 1095 Dominus
1023 1027 1096 1096 vult
1119 1029 1274 1116 prolecto,
1300 1045 1391 1113 genus

192 1134 568 1222 humanumpropagari,
584 1153 643 1204 nec
657 1154 732 1198 vero
747 1130 911 1198 libidinem
926 1130 1058 1219 expleri,
1074 1135 1112 1198 ut
1126 1131 1303 1221 expleatur.
1343 1127 1391 1192 lu·

61 1250 63 1256 '
193 1238 300 1307 terdiu
326 1237 455 1302 omnino
481 1238 599 1312 taceat,
624 1256 666 1300 ne
689 1237 789 1302 noctu
815 1233 944 1319 quidem
969 1233 1116 1302 decorem
1139 1234 1302 1322 negligat3
1322 1226 1392 1296 nihil

193 1341 279 1408 enim
293 1361 434 1426 unquam
450 1338 501 1403 dei
516 1337 625 1403 oculos
640 1336 936 1424 fugere.poterit¹).
1277 1330 1281 1339 ’

259 1443 324 1509 Sed
339 1441 605 1508 vestimentorum
621 1459 747 1524 quoque
761 1461 840 1504 usus
857 1437 902 1503 eit
920 1437 1038 1504 rationi
1051 1438 1254 1516 couveniens,
1270 1453 1392 1524 quorum

193 1545 227 1610 in
242 1567 280 1610 eo
294 1545 443 1633 ponimus
458 1542 564 1619 finem,
580 1545 619 1606 ut
633 1564 732 1627 quum
747 1564 767 1606 a
781 1539 971 1628 perniciosis
993 1563 1175 1623 caveamus,
1198 1551 1270 1606 tum
1290 1535 1392 1628 pudori

193 1649 410 1714 consulamus.
455 1643 521 1726 Qui
533 1647 642 1709 autem
657 1643 691 1708 in
711 1665 843 1730 corpore
863 1643 1005 1709 ornando
1025 1643 1296 1730 pulchritudinem
1318 1638 1391 1710 cerni

192 1750 355 1837 opinatur,
376 1750 540 1834 ignorans,
567 1745 646 1831 quid
665 1767 739 1811 vero
760 1745 804 1810 sit
823 1744 1008 1832 pulchrum,
1028 1745 1107 1832 quid
1126 1767 1202 1812 vere
1221 1747 1392 1818 honestum,

37 1919 39 1932 ,
117 1915 123 1928 ,
192 1851 398 1919 vehementer
411 1851 549 1931 errat2).
1288 1903 1294 1908 .
1448 1903 1449 1912 ι

258 1951 413 2020 Gemmas
428 1951 588 2017 deiudeet
607 1949 800 2036 margaritas
821 1948 870 2014 ita
888 1949 1050 2028 admirari,
1071 1953 1111 2016 ut
1130 1950 1224 2036 quasi
1244 1947 1393 2016 attonitus
1448 1919 1449 1990 l

192 2055 345 2137 videaris,
360 2054 515 2143 puerilem
530 2053 653 2118 indicat
666 2051 889 2116 eruditionem.
922 2051 1066 2119 Divitias
1080 2051 1191 2132 habes,
1207 2077 1274 2120 uon
1288 2049 1393 2138 quibus

191 2180 270 2245 prae
288 2158 403 2223 ceteris
419 2155 548 2234 fruaris,
565 2155 622 2221 sed
637 2177 718 2240 quas
733 2154 904 2241 egentibus
923 2153 1082 2242 largiaris.
1127 2153 1239 2237 Quare
1259 2150 1394 2244 praestat
1448 2153 1449 2182 ²

191 2259 313 2326 fructui
338 2259 479 2346 largitio.
524 2255 686 2324 Ornetum
713 2257 763 2323 sin
792 2256 1039 2336 desideraveris,
1062 2258 1229 2324 internum
1252 2273 1394 2344 quaeres3

192 2384 268 2427 vera
285 2362 370 2427 enim
391 2366 425 2428 et
443 2359 648 2450 pulchritudo
669 2361 704 2424 et
729 2359 898 2446 turpitudo
917 2359 951 2424 in
970 2359 1038 2426 sola
1057 2364 1165 2426 mente
1184 2361 1299 2448 potest
1313 2360 1392 2423 inve·

191 2463 264 2528 uiri.
307 2463 391 2530 Nam
406 2462 538 2551 pulcher
552 2466 604 2528 est
618 2461 721 2538 homo,
737 2483 802 2528 non
817 2461 872 2544 qui
887 2461 988 2540 dives,
1011 2463 1068 2528 sed
1088 2465 1143 2550 qui
1162 2463 1321 2530 honestus
1342 2457 1393 2524 est·

191 2565 232 2630 In
245 2556 389 2652 pedibus¹
399 2567 444 2632 sit
457 2565 596 2653 impigra
607 2563 647 2629 ad
658 2561 739 2628 bene
753 2562 934 2630 faciendum
946 2555 1393 2654 alacritasprogressioqnead
1445 2547 1448 2592 ⁴

190 2668 363 2733 iustitiam.
408 2668 555 2753 Torques
570 2670 678 2732 autem
693 2665 797 2754 pudor
811 2671 845 2734 et
859 2669 1083 2756 temperantia,
1105 2669 1211 2754 qualia
1231 2669 1311 2736 deus
1331 2665 1394 2731 lun·

192 2769 243 2835 dit
256 2769 402 2846 monilia3
425 2770 550 2834 aurium
565 2773 699 2836 ornatus
715 2769 760 2834 sit
780 2791 857 2836 vero.
878 2769 1072 2847 catechesie3
1094 2769 1231 2837 audiant
1250 2793 1304 2837 res
1323 2764 1394 2833 divi·

192 2895 264 2950 nas,
281 2875 395 2938 sancta
409 2871 669 2960 contemplentur
683 2871 777 2950 oculi,
793 2871 910 2958 „Lego
924 2895 1034 2939 veram
1048 2873 1242 2938 ostendente
1263 2865 1395 2961 pulchri·

191 2975 349 3056 tudinem,
362 2997 457 3063 quam
472 2997 532 3042 nec
546 2975 659 3044 oculus
671 2997 783 3062 unqua
796 2975 881 3042 vidit
894 2977 1000 3055 antea,
1020 2995 1081 3042 neo
1095 2975 1183 3044 auris
1203 2975 1351 3042 audivit‘
1360 2971 1394 3057 ³)·
1447 2997 1448 3052 l

800 3149 831 3216 5.
1381 3206 1386 3218 ,

519 3265 593 3332 'De
615 3265 709 3332 libri
729 3151 792 3334 Ill.
814 3267 1055 3352 argumento.
1181 3333 1185 3340 Δ

206 3473 208 3480 Ι
256 3381 323 3448 Sed
337 3404 413 3448 vera
428 3383 634 3471 pulchritudo
646 3385 681 3450 iri
702 3385 809 3452 animo
828 3385 936 3474 posite
951 3387 1013 3463 est,
1034 3383 1090 3471 qui
1110 3405 1145 3450 se
1164 3384 1275 3474 ipsum
1295 3377 1397 3473 potest

190 3503 401 3571 cognoscere3
425 3487 511 3574 quod
527 3487 554 3551 si
569 3486 691 3564 lecerit,
707 3488 803 3552 deum
816 3491 983 3575 agnoscet,
998 3481 1051 3554 cui
1066 3509 1101 3553 se
1115 3485 1325 3566 adsimilabit,
1339 3501 1397 3550 uon

190 3609 269 3652 auro
285 3587 412 3676 quidem
427 3588 597 3674 gestando,
616 3610 682 3654 nou
696 3592 788 3656 veste
806 3591 901 3656 talari
912 3590 1054 3669 ferenda,
1076 3589 1133 3655 sed
1153 3588 1235 3657 bene
1251 3595 1396 3679 recteque

188 3689 348 3756 faciendo.
393 3691 444 3755 Ea
458 3694 511 3756 est
524 3713 602 3777 ergo
616 3691 754 3757 hominis
765 3691 980 3780 pulchritudo,
995 3696 1035 3758 nt
1049 3693 1146 3760 animi
1166 3696 1287 3760 natura
1301 3689 1396 3781 expli·

188 3793 293 3858 canda
313 3791 441 3858 divinus
461 3793 531 3858 fieri
551 3794 672 3882 possit,
703 3795 763 3860 deo
790 3794 919 3874 similis,
950 3795 1006 3884 qui
1031 3798 1084 3878 cst
1107 3817 1220 3867 verum
1240 3799 1278 3862 et
1295 3796 1396 3886 ipsum
1446 3803 1447 3824 ³

173 3895 367 3983 pulchrum.
413 3895 617 3985 Quamquam
633 3898 776 3988 corporis
791 3919 917 3989 quoque
931 3896 1137 3987 pulchritudo
1156 3901 1210 3965 est
1229 3898 1395 3988 quaedam,
1446 3959 1447 3986 Ξ

188 4021 285 4088 qnam
299 3999 334 4066 in
347 3997 601 4079 immortalitate,
617 4005 692 4090 post
706 4001 971 4068 resurrectionem
986 4000 1337 4088 tuturo‚-eerninrus⁴).

242 4271 466 4326 ¹.ffihffib

239 4274 266 4423 ²l
284 4289 476 4424 duel-241.
496 4358 568 4421 Quae
589 4361 628 4412 his
650 4362 937 4427 paginiscontinentur,
955 4367 1097 4430 reparanda
1116 4372 1209 4417 enula
1230 4377 1347 4416 sermone
1366 4357 1394 4411 dc

184 4444 354 4582 rroarpimonip⁴
361 4459 475 4582 norpque
486 4449 631 4507 mandanda
643 4449 729 4514 copiti,
740 4448 873 4513 velpotino
884 4442 1008 4504 nectenda
1020 4467 1078 4504 com
1090 4455 1173 4522 capite
1185 4450 1371 4506 calceamentis.

252 4530 264 4594 )
281 4545 308 4594 p.
359 4531 405 4582 l-
425 4531 467 4585 48.

236 4614 262 4682 ⁴)
279 4631 304 4682 p.
316 4613 461 4672 250-252
553 4620 557 4624 “
