2972 5048
423 1139 429 1147 ’
566 1159 745 1264 caput
760 1163 834 1246 11.

226 1405 234 1418 .
328 1343 372 1420 to
386 1347 513 1438 somus
528 1337 696 1423 blenarus
710 1345 815 1420 trost.
829 1343 873 1418 ll.
887 1343 1080 1438 generaliter.

667 1505 738 1516 α-

393 1665 399 1686 ,
656 1618 726 1703 qr.

362 1785 366 1804 .
496 1735 555 1804 De
576 1735 785 1804 codicibus
808 1757 897 1802 mss.

751 1833 759 1860 r

156 1903 335 1972 Clementis
347 1903 664 1974 litterammlaudem
676 1897 905 1998 religionisque
916 1905 1073 1996 pietatem
1086 1903 1114 1972 si
1125 1902 1309 1970 considera·

92 2005 197 2083 veris,
220 2007 372 2094 quidquid
395 2007 577 2098 scripserit,
599 2009 634 2075 id
649 2009 689 2078 ab
702 2009 891 2101 aequalibus
906 2007 994 2072 haud
1015 2007 1083 2074 sine
1103 2027 1223 2092 magna
1242 2003 1309 2072 lae·

94 2109 169 2174 titia
195 2111 228 2174 et
248 2109 366 2177 salutis
390 2111 465 2178 inde
490 2113 654 2179 manantis
675 2111 833 2178 aviditate
853 2109 992 2200 quadam
1006 2112 1201 2198 ‚susceptum
1226 2131 1310 2186 esse,

87 2211 169 2277 nihil
194 2209 363 2278 mirabere.
407 2211 455 2280 Et
474 2213 620 2302 profecto
646 2213 858 2291 factumest,
880 2216 920 2277 ut
938 2234 1071 2300 operum
1095 2212 1164 2308 eips
1184 2210 1309 2278 codices

86 2313 304 2402 manuscripti
325 2315 433 2382 seculo
452 2319 569 2404 quarto
588 2316 737 2384 omnibus
753 2313 937 2402 christianis
962 2337 1028 2380 aon
1051 2312 1147 2403 plane
1173 2311 1310 2378 rudibus
1329 2393 1333 2402 ἱ

85 2422 200 2484 essent
214 2417 249 2484 in
268 2416 429 2498 manibus.
489 2415 588 2486 Certe
607 2419 771 2486 Eusebius
790 2417 856 2486 hoc
876 2417 1103 2507 appertissime
1119 2416 1309 2499 testatur¹).

86 2519 201 2604 Quum
227 2517 313 2584 enim
344 2521 490 2586 veterum
513 2526 681 2588 auctorum
702 2521 890 2588 testimonia
912 2519 1070 2608 quaedam
1099 2542 1119 2586 a
1142 2514 1311 2586 Clemente
1436 2557 1444 2628 x·

85 2622 225 2688 laudata
260 2626 503 2714 commemoret,
545 2625 628 2692 hano
657 2624 698 2691 oh
738 2647 869 2690 causam
907 2646 946 2690 ea
981 2622 1023 2688 ad
1062 2622 1161 2690 verba
1199 2622 1309 2686 trans-

86 2723 231 2790 scribere
245 2745 311 2790 non
332 2724 435 2812 vult„
445 2725 532 2812 quod
546 2748 657 2793 omnes
672 2727 822 2794 facillime
837 2726 988 2815 operibus
1008 2725 1090 2814 ipsis
1106 2723 1155 2790 uti
1168 2722 1309 2812 possint.

85 2825 262 2908 „Quorum
269 2873 279 2904 ‚
315 2825 439 2914 inquit,
471 2827 574 2910 ¹verba
601 2829 758 2896 subiicere
786 2851 920 2918 prorsus
951 2828 995 2894 sit
1024 2813 1309 2914 supervacaneum,

85 2953 187 3020 quum
228 2929 373 3018 ipsorum
402 2926 587 3008 ,Clementis
626 2933 819 3020 scriptorum
855 2921 960 3020 quivis
997 2928 1117 2994 habeat
1151 2929 1310 3016 copiam.“

88 3033 249 3098 Attamen
260 3035 442 3120 temporum
457 3033 575 3098 iniuria
590 3017 688 3124 atque
703 3035 867 3100 hominum
882 3031 1007 3098 incuria
1023 3029 1168 3118 plerique
1182 3027 1308 3094 codices

92 3133 303 3222 manuscripti
318 3133 454 3220 periisse
465 3135 626 3224 videntur.
671 3135 790 3200 Adhuc
805 3133 890 3200 enim
905 3131 1059 3222 perpauci
1071 3133 1202 3196 tantum
1217 3129 1308 3196 inve-

93 3235 151 3300 niri
164 3237 358 3328 potuerunt,
384 3237 439 3326 qui
454 3260 496 3303 an
512 3237 627 3326 optimi
639 3237 716 3316 sint,
739 3236 857 3302 nescio.
902 3235 990 3302 Sunt
1004 3237 1113 3300 autem
1128 3232 1202 3310 tria,
1226 3253 1309 3318 quae

89 3333 271 3404 Clementis
286 3337 458 3417 habentur,
473 3362 571 3429 opera
585 3341 706 3410 maiora
721 3342 755 3406 et
769 3339 855 3404 inter
870 3360 905 3404 se
919 3361 1018 3404 nexa:
1049 3333 1309 3416 „Oohchortatio

85 3439 126 3504 ad
142 3437 366 3528 Graecos,“²)
382 3439 695 3532 ‚,Paedagcgus‚“³)
712 3442 976 3528 ,·,Stromata“4).
1019 3438 1072 3506 De
1088 3461 1224 3528 quorum
1240 3436 1307 3508 Co-

86 3541 213 3608 dioibus
228 3564 308 3606 mss.
328 3541 487 3609 Nourrius
503 3545 537 3610 in
554 3547 729 3634 Apparatu
744 3545 786 3610 ad
800 3543 885 3612 Bibl.
901 3541 1055 3620 Patrum,
1083 3541 1169 3607 unde
1191 3540 1308 3608 Fabri-

85 3644 166 3722 cius,
191 3666 276 3731 quae
290 3643 330 3709 de
343 3643 464 3710 eisdem
479 3645 513 3724 in
527 3647 731 3716 Bibliotheca
746 3645 872 3716 Graeca
887 3646 1033 3734 praehet,
1057 3645 1214 3732 sumpsit,
1229 3643 1309 3710 haec

85 3737 223 3812 tantum
236 3767 361 3810 summa
376 3746 545 3834 diligentia
559 3749 734 3838 comperire
750 3753 783 3816 et
803 3747 990 3834 conquirere
1010 3745 1129 3834 potuit.
1174 3743 1221 3810 Et
1240 3743 1308 3832 pri-

84 3871 174 3914 mum
188 3846 319 3934 quidem
331 3845 371 3913 de
379 3845 611 3915 Cohortationc
622 3851 663 3916 ad
671 3849 814 3918 Graecos
826 3851 886 3917 hoo
896 3847 1063 3914 nobiscum
1075 3845 1313 3923 communicate

86 3949 221 4030 „Duos,
245 3949 363 4038 inquit,
375 3949 508 4016 huiusce
528 3951 635 4040 operis
653 3951 798 4020 Graecos
814 3953 941 4022 codices
963 3942 1202 4121 manuscriptos
1218 3948 1307 4014 nacti

87 4076 211 4119 sumus.
255 4049 351 4118 Prior
365 4055 417 4118 est
436 4052 544 4140 regiae
565 4053 787 4123 Bibliothecae
813 4060 848 4124 et
870 4053 1071 4122 venerandae
1098 4075 1117 4116 a
1141 4050 1305 4138 tiquitatis

85 4153 178 4234 liber,
199 4155 234 4220 in
249 4177 313 4245 quo
328 4153 484 4241 quaedam
499 4153 625 4224 Justini
640 4157 804 4246 martyris,
834 4155 1079 4244 Athenagorae,
1107 4153 1306 4244 aliorumque

143 4379 167 4440 ¹)
186 4377 278 4440 Praep.
291 4377 388 4443 Evang.
402 4374 434 4432 X.
447 4394 470 4432 o.
483 4377 512 4431 i.
672 4433 679 4446 ,

144 4459 169 4528 ²)
187 4455 275 4530 Λόγος
286 4458 485 4532 προτρεπτικὸς
496 4456 715 4533 actamquae.

145 4545 172 4611 ⁸)
191 4540 380 4616 Παιδαγωγός.

145 4633 170 4698 ⁴)
187 4626 343 4703 Στρόματα
355 4637 407 4688 siro
418 4635 603 4706 Στγωματεϊς.
