2830 5052
482 285 485 301 ’
621 335 681 401 115

54 521 116 590 Hoc
129 521 236 588 autern
249 519 288 586 in
301 521 362 588 deo
370 539 448 588 esse
462 519 617 606 positum.
651 519 826 590 Praeterea
841 519 969 608 singula
983 508 1255 607 quoquemutua·
1359 526 1363 532 '

54 626 98 688 tus
108 626 166 700 est,
180 622 344 712 inprimis,
361 645 443 712 quae
457 621 500 687 ad
512 621 595 710 legis
608 625 771 703 naturam,
786 645 883 710 quarn
896 623 951 690 illo
960 623 1082 718 optime
1092 624 1255 714 exposuit,

53 723 208 811 pertinent.
236 725 377 812 Moyses
391 723 474 794 enim
490 728 530 792 ut
542 727 599 812 qui
613 748 633 792 a
647 725 744 812 Logo
756 723 896 812 benigno
916 725 1161 812 gubernantur,
1180 727 1256 816 ipsu
1350 747 1354 754 ’

54 825 93 892 lex
114 830 183 894 erat
203 828 361 894 animata.
404 827 521 916 Itaque
542 826 690 916 politiam
711 827 1131 909 subministravitbcuam,
1158 836 1258 916 (quae

56 933 95 996 est
103 929 237 998 honesta
252 920 421 998 hominum
438 929 590 996 munatio
604 929 639 994 in
654 930 833 1013 societate),
861 929 979 996 bonam
998 933 1107 998 autem
1127 953 1199 998 eam
1218 935 1272 1000 et.

58 1031 169 1120 siugulis
184 1029 343 1122 pa'rtibus
359 1036 393 1100 et
407 1035 480 1098 tota
494 1029 670 1098 harmonia.
705 1031 753 1097 Et
765 1031 800 1096 in
820 1031 1026 1118 haoqnidem
1040 1033 1155 1124 politia
1168 1033 1256 1102 ideiu
1301 1117 1308 1128 ,

55 1135 78 1200 et
88 1133 250 1222 legislator
263 1140 302 1204 et
314 1138 427 1225 pastor
441 1137 588 1223 apparet,
600 1135 655 1222 qui
669 1133 814 1202 homines
825 1134 868 1199 ad
878 1135 1034 1202 virtutem
1045 1137 1254 1217 deducturus,
1306 1219 1307 1228 ἵ

52 1235 128 1304 inem
149 1237 255 1305 habet
284 1239 431 1326 ipsorum
455 1239 702 1308 beatitudiuem.
743 1234 963 1328 Quamobrem
981 1237 1011 1306 is
1031 1241 1161 1306 tuntum
1179 1249 1261 1306 rere¹

50 1336 197 1423 legislator
211 1363 290 1408 esse
304 1343 426 1430 potest,
441 1342 497 1428 qui
511 1365 532 1408 a
544 1341 662 1430 spiritu
677 1339 713 1407 S.
727 1338 863 1426 regitur.
905 1339 972 1408 Hic
986 1341 1071 1407 enim
1086 1341 1174 1408 solus
1187 1363 1254 1410 non
1311 1361 1316 1376 ⁸

50 1441 126 1508 nodo
140 1443 318 1530 pollicetur
328 1444 413 1519 bona
424 1447 459 1510 et
467 1445 615 1523 honesta,
629 1442 686 1510 sed
696 1441 788 1508 novit
797 1441 897 1506 etiam
908 1444 943 1506 et
953 1443 1095 1530 exponit.
1121 1443 1254 1512 Primus
1293 1516 1297 1523 ,

51 1544 139 1609 autern
150 1544 243 1632 leges
261 1545 390 1614 divinau
406 1565 569 1635 exponens
586 1545 642 1632 qui
656 1543 754 1611 etiam
765 1542 876 1610 Patris
891 1541 996 1612 sinum
1008 1545 1151 1634 exponit,
1166 1547 1262 1614 lilius*
1303 1633 1309 1642 .

50 1641 126 1712 huius
138 1649 335 1736 unigenitus
354 1649 475 1716 evadit.
519 1648 647 1736 Legum
661 1645 764 1733 igitur
782 1647 817 1711 et
836 1646 916 1712 latio
936 1649 971 1713 et
990 1647 1149 1736 expositio
1168 1648 1252 1715 divi·
1301 1723 1304 1729 .

50 1745 381 1819 nituscommunicata.
404 1751 470 1818 Sed
481 1749 602 1818 *Graeci
613 1770 740 1836 quoque
759 1747 990 1834 legumlatores
1009 1771 1085 1816 suos
1096 1749 1250 1830 Minoem,

52 1845 232 1940 Lycurgum,
249 1849 437 1930 Zaleucum,
453 1877 473 1918 a
487 1853 549 1920 diis
561 1853 674 1919 doctos
687 1851 789 1916 inisse
800 1851 937 1918 tradunt
942 1875 952 1928 3
967 1850 1002 1916 id
1013 1851 1143 1940 quidem
1154 1853 1250 1941 Moy·

57 1956 116 2017 aciae
128 1955 324 2043 prophetiae
340 1955 486 2043 exemplo
500 1954 635 2033 iaciunt,
649 1954 705 2021 sed
715 1953 848 2040 ingrati,
864 1954 1029 2041 exemplar
1039 1955 1251 2046 archetypum

58 2047 118 2129 laud
136 2062 260 2144 sponte
282 2059 520 2142 confitentes1).
563 2058 632 2124 Nec
656 2079 733 2124 vero
752 2057 788 2122 in
802 2055 894 2143 Lege
915 2056 1010 2122 adeo
1024 2079 1083 2144 per
1097 2057 1249 2145 Moysem

56 2157 188 2242 supplicis
203 2161 317 2227 inesse
332 2161 457 2238 mirere,
473 2160 566 2246 quasi
580 2160 660 2226 haec
674 2181 739 2225 non
753 2162 865 2223 essent
873 2158 1001 2225 divinae
1011 2181 1139 2226 causae.
1165 2160 1250 2228 Nam

53 2259 198 2344 suppliciis
214 2265 252 2328 et
266 2263 431 2330 boneficiis
446 2253 677 2330 adiuvantibus
691 2260 810 2326 nititur
824 2259 984 2328 educatio.
1027 2261 1249 2348 Moyseiade·

50 2355 125 2442 nique
143 2365 354 2454 philosophia
372 2373 407 2432 in
428 2369 583 2456 quattuor
603 2363 758 2430 dividitur
783 2365 912 2450 partes:
933 2387 1032 2431 unam
1051 2363 1249 2444 historicam,

50 2457 164 2532 alteram
178 2468 322 2556 legalem
336 2468 467 2558 propria
481 2492 519 2535 ao
533 2465 703 2558 principali
719 2461 954 2556 significatione
972 2469 1131 2545 vocatam,
1156 2473 1250 2557 (quae

48 2565 195 2644 pertinent
216 2573 261 2643 ad
281 2594 406 2638 morum
426 2571 631 2656 doctrinam),
647 2571 779 2638 tertiam
795 2567 952 2651 sacrificia
971 2569 1249 2658 complectentem,

49 2664 125 2746 (quae
140 2671 180 2736 ad
199 2673 372 2761 physicam
385 2673 543 2740 rationem
564 2676 714 2762 spectat),
744 2675 893 2760 quartam
912 2671 1144 2759 theologicam,
1167 2695 1250 2760 quae

47 2769 246 2840 estimaretur
260 2775 327 2854 illa,
343 2800 441 2864 quam
455 2777 552 2842 Plato
572 2799 763 2862 magnorum
778 2795 852 2840 vere
869 2775 1099 2860 mysteriorum
1118 2775 1248 2864 inspec-

46 2862 158 2951 tionem,
173 2876 377 2944 Aristoteles
393 2883 503 2946 autem
517 2877 603 2944 Μετὰ
623 2880 660 2944 τὰ
681 2878 794 2963 φυσικὰ
808 2875 960 2965 appellat.
1004 2875 1193 2958 Quinetiam
1201 2878 1249 2946 'in
1288 2964 1291 2968 Ι

45 2962 165 3042 Politioo
179 3001 201 3044 a
214 2979 357 3047 Platone
371 2982 472 3046 etium
486 2979 654 3046 dialectica
668 2982 885 3066 nuncupatur,
906 2999 966 3043 nec
985 2999 1062 3044 vero
1082 3001 1135 3056 ea,
1165 2979 1248 3065 qhac

45 3063 70 3133 in
81 3075 172 3146 rebus
187 3085 343 3149 versatur
354 3081 558 3172 sophisticis,
588 3082 646 3148 sed
661 3093 744 3170 quae
769 3083 822 3147 est
841 3059 1056 3146 eseelltiarum
1081 3080 1247 3149 invenien-

45 3169 141 3247 darum
157 3184 297 3252 scientia
311 3187 480 3272 quaedam,
496 3185 598 3252 a‘viro
613 3185 749 3251 ho'nesto
764 3205 834 3251 eam
846 3183 887 3249 ob
899 3172 1246 3269 causam'aoquirenda,

44 3276 74 3338 ul
84 3302 139 3366 pro
153 3285 280 3354 viribus
293 3289 400 3376 possit
414 3293 448 3355 et
463 3289 568 3355 dicere
589 3291 623 3354 et
637 3287 753 3366 facere,
773 3309 855 3373 quae
878 3287 956 3364 sunt
973 3286 1033 3352 deo
1047 3286 1251 3374 gratissima:
1388 3343 1401 3380 ἵ]

44 3371 106 3446 lam
131 3409 233 3471 quum
253 3413 330 3458 vera
350 3392 519 3460 dialectica
539 3389 804 3480 sitphilosophia
823 3387 961 3457 veritate
991 3389 1168 3477 permixta,
1193 3413 1245 3459 ree

45 3483 248 3572 considerans,
264 3494 453 3560 examinans
464 3495 603 3560 virtutes
615 3497 650 3560 et
659 3495 853 3582 potestates,
864 3491 1033 3579 paullatim
1044 3493 1248 3560 transcendit

44 3580 77 3644 ad
87 3597 262 3662 essentiam
276 3587 419 3663 omnium
432 3597 758 3686 praestantissimam.
803 3593 951 3662 Conatur
967 3593 1155 3660 enimultra
1169 3619 1244 3682 pro-

43 3690 119 3766 gredi
132 3698 174 3762 ad
188 3699 286 3766 huius
305 3723 412 3766 rerum
428 3699 651 3766 universitatis
666 3701 772 3778 deum,
793 3719 858 3763 non
878 3695 1062 3763 mortalium
1081 3697 1242 3786 peritiam,
1329 3695 1336 3712 ⁸

46 3789 90 3852 sed
108 3793 287 3868 divinarum
307 3801 558 3890 coelestiumque
585 3801 753 3869 scientiam
772 3799 944 3890 profitens,
974 3821 1071 3888 quam
1091 3799 1189 3866 etiam
1208 3800 1243 3866 in

43 3887 124 3964 rebus
138 3899 299 3984 humanis,
315 3929 414 3992 quum
428 3905 464 3972 iu
479 3897 634 3984 dicendis,
654 3907 725 3970 tum
739 3903 774 3969 in
789 3901 923 3989 agendis
939 3899 1147 3990 consequitur
1166 3925 1243 3990 pro-

44 3991 120 4099 prius
134 4024 224 4075 usus.
267 4007 451 4074 Dialectica
469 4007 512 4074 ad
532 4007 692 4077 essentias
713 4008 752 4072 ut
771 4005 931 4072 essentias
949 4002 1086 4071 aceedit.
1130 4003 1243 4090 Neque

43 4089 69 4156 ld
82 4102 205 4186 quidem
221 4109 290 4176 sine
305 4111 489 4189 servatore,
511 4111 567 4197 qui
583 4109 752 4196 caliginem
769 4107 871 4174 oculis
887 4109 1023 4174 offusam
1037 4104 1184 4194 dispulit,
1204 4108 1244 4172 ut

45 4208 91 4274 Per
103 4201 206 4291 ipsum
222 4215 257 4279 et
276 4232 336 4278 uos
352 4215 387 4279 et
401 4214 497 4279 deum
517 4212 650 4278 Patrem
670 4211 852 4278 rectissime
872 4231 1115 4296 cognoscamus.
1158 4207 1242 4275 Nam

45 4294 77 4359 ld
89 4311 258 4388 perlectam
272 4315 490 4404 cognitionem
503 4315 657 4380 revelatio
671 4294 848 4404 requiritur
863 4305 1129 4400 supernaturalis,
1145 4333 1242 4398 quam

46 4387 148 4478 totam
172 4437 252 4488 esse‘
269 4418 400 4488 sumus.
443 4415 524 4486 Inde
553 4418 664 4485 tamen
687 4438 753 4516 uon
780 4437 891 4483 omnes
911 4413 1018 4483 omnia
1036 4413 1272 4501 intelliguntp

46 4527 227 4572 x„

90 4625 112 4694 Ι)
125 4635 307 4698 Mlti-422.
341 4640 463 4710 Sequitur
474 4640 662 4709 suppliciorum,
673 4613 738 4708 quae
748 4638 959 4706 sciuriulegibus,
969 4637 1089 4778 deieeprio.
