2972 5048
595 413 603 420 ‚
669 325 721 402 ἰι
831 359 861 429 ,<

110 541 171 588 snm
189 519 269 592 deus
292 521 326 586 et
344 516 584 599 consotabor,
605 542 730 610 perme
749 519 857 610 ipsum
879 517 985 586 iurcf‘
1027 519 1075 588 Et
1093 538 1204 610 porro:
1234 521 1311 590 andi

104 621 211 688 Israeli
237 619 400 688 Dominus
416 619 496 686 deus
511 623 600 701 tuus,
627 623 707 690 deus
722 646 806 690 unns
821 623 906 690 estf‘
949 621 1122 690 Modot
1064 627 1122 722 aut
1123 647 1172 690 em
1187 625 1310 712 pergit:

105 721 229 806 „Quare
263 721 402 810 diligitis
424 722 602 790 vanitatem
628 731 663 792 et
688 723 847 812 quaeritis
877 723 1099 791 mendacium?
1084 725 1312 808 iQuaenam

105 825 313 911 igiturhaec,
316 825 490 904 ,amitasst
488 825 668 912 quodnam
682 829 758 906 est,
761 825 1016 904 ‚mendacium?“
1046 827 1187 895 Sanctus
1202 829 1312 916 A'pos-

111 927 184 994 tolus
205 927 346 1006 domini,
373 925 516 994 Graecos
532 949 687 1015 arguens,
716 928 778 994 hoc
797 927 861 993 tibi
881 933 1037 1016 exponet:
1068 929 1198 1012 „Quos
1213 955 1313 1020 quum

109 1028 190 1095 deum
205 1029 448 1118 cognovissent,
463 1051 528 1095 non
544 1029 741 1120 sioutdaum
762 1029 1039 1118 glorificaverunt,
1063 1055 1167 1118 neque
1188 1033 1312 1120 gratiae
1432 1063 1437 1072 ·

104 1131 129 1198 ei
142 1136 294 1219 egerunt3
314 1131 371 1198 sed
385 1130 460 1198 vani
474 1131 648 1200 festinant
660 1135 694 1200 in
709 1133 961 1222 cogitationibus
978 1134 1045 1201 suis
1061 1138 1095 1201 et
1105 1137 1315 1202 mutaverunt

102 1233 230 1320 gloriam
253 1234 507 1324 incorruptibilis
529 1235 582 1302 dei
601 1237 636 1302 in
656 1234 899 1304 similitudinem
925 1235 1076 1323 imaginis
1094 1238 1313 1325 corruptibilis

101 1333 236 1402 hominis
252 1339 288 1404 et
303 1337 485 1408 servierunt
498 1341 665 1404 creaturae
676 1339 785 1426 potius
797 1359 892 1424 quam
904 1337 1073 1404 creatori.“
1090 1341 1166 1424 (68.)
1186 1340 1314 1410 Deinde

102 1439 202 1526 paullo
225 1438 382 1506 inferius:
413 1439 510 1518 „Noli
530 1461 608 1528 ergo
629 1441 783 1528 amplius,
812 1439 869 1518 fili,
889 1428 1053 1526 negligens
1068 1441 1316 1528 castigationem

103 1541 259 1608 dominil“
289 1539 321 1609 Ο
337 1539 558 1608 abundantem
573 1563 652 1630 erga
666 1543 812 1609 homines
828 1541 984 1608 amoreml
1005 1541 1078 1608 Non
1093 1546 1132 1608 ut
1146 1543 1314 1632 discipulis

104 1642 272 1722 doctorem,
287 1665 393 1732 neque
408 1651 446 1710 ut
458 1644 560 1711 servis
581 1645 759 1723 dominum,
786 1635 890 1734 neque
907 1647 945 1710 ut
966 1643 1062 1710 deum
1081 1643 1263 1711 hominibus
1280 1668 1315 1712 se

103 1746 240 1834 praebet,
258 1744 317 1812 sed
332 1752 488 1866 tanquam
498 1752 598 1866 pater
612 1747 783 1814 mitissime
803 1746 956 1813 admonet
968 1747 1063 1813 filios.
1106 1745 1236 1824 Venit
1209 1769 1321 1816 eve

102 1847 177 1930 nite,
190 1871 256 1916 me1
243 1847 477 1916 ''iuvenesl
445 1849 509 1926 msi
523 1849 638 1929 enim,
641 1849 835 1928 ,efficiamini
850 1871 963 1916 rursus
983 1848 1075 1938 pueri
1095 1852 1129 1916 et
1148 1871 1316 1937 regenere-

107 1949 210 2028 mini,“
231 1971 338 2038 neque
351 1973 463 2028 verum
478 1954 604 2042 patrem
618 1952 777 2042 recipere,
808 1975 944 2042 neque,
947 1951 992 2030 ,in
1006 1973 1140 2038 regnum
1156 1953 1317 2019 coelorum

110 2049 223 2138 ingredi
237 2075 382 2140 unquam
396 2053 558 2142 poteritis.
591 2051 760 2136 Quomodo
773 2055 858 2122 enim
869 2055 996 2142 ingredi
1006 2053 1116 2122 licebit
1128 2053 1318 2141 peregrino?

106 2151 228 2233 levero,
245 2177 347 2242 quum
357 2151 534 2246 inscriptus
545 2156 654 2234 fuerit,
669 2157 784 2224 civitat
785 2157 963 2238 odenatus,
978 2161 1058 2235 tum,
1070 2157 1163 2244 patre
1173 2159 1306 2244 accepto
1307 2203 1317 2234 ‚

102 2255 257 2344 inpatris,
270 2256 377 2336 oredo,
389 2256 453 2324 erit
465 2249 576 2336 domoc
591 2262 673 2338 tum,
688 2249 745 2346 oui
759 2259 871 2325 haeres
886 2258 980 2336 fiat,
995 2259 1113 2346 dignus
1128 2257 1317 2336 habebitur3

98 2362 166 2426 tum
180 2360 278 2448 regni
291 2359 419 2448 paterni
433 2361 597 2450 particeps
612 2363 676 2428 erit
690 2385 763 2430 cum
777 2361 843 2428 filio
857 2361 998 2448 ingenuo
1013 2363 1048 2426 et
1062 2359 1188 2450 dilecto.
1227 2355 1319 2426 Civi-

58 2541 63 2544 ,
99 2463 164 2530 tate
174 2467 290 2530 autem
301 2461 458 2529 donamur
470 2461 505 2528 in
515 2463 730 2530 ccclesia.....
746 2463 1006 2552 „Expergiscere
1017 2483 1104 2550 ergo,
1121 2463 1176 2550 qui
1187 2461 1318 2540 dormis,

95 2553 131 2630 ¹ot
145 2585 246 2653 surge
262 2585 283 2630 a
302 2563 457 2632 mortuis:
485 2567 565 2632 tunc
583 2565 750 2635 illucescet
774 2565 837 2633 tibi
859 2565 1047 2645 Christus,“
1075 2560 1240 2646 dominus,
1272 2565 1329 2630 sol.

98 2664 150 2734 ille
163 2667 444 2745 resurrectionis,
458 2667 513 2754 qui
530 2667 597 2734 suis
612 2668 712 2734 radiis
732 2667 834 2734 vitam
848 2667 987 2756 largitus
1004 2669 1070 2736 estl
1172 2668 1209 2734 Si
1231 2666 1319 2733 salus

97 2773 229 2837 aeterna
241 2767 366 2838 venalis
381 2767 569 2848 haberetur,
585 2771 699 2858 quanti
714 2793 782 2848 vos,
798 2757 959 2850 homines,
985 2793 1056 2838 eam
1078 2775 1221 2836 emturos
1246 2791 1320 2836 con·

96 2872 245 2940 veniret?
290 2869 388 2938 Ns'si
406 2869 575 2938 Pactolum
596 2874 725 2959 quidem
745 2876 869 2951 totum,
901 2895 1032 2940 aureum
1053 2872 1132 2938 illud
1148 2873 1182 2936 in
1201 2869 1321 2936 fabulis

96 2974 228 3050 flumen,
252 2971 326 3058 quis
346 2971 648 3066 admensus-fuerit,
669 2973 809 3063 pretium
825 2974 930 3041 salute
946 2975 1077 3061 dignum
1093 2971 1320 3038 numeraverit.

99 3075 141 3146 Ne
155 3081 276 3146 tamen
291 3074 426 3176 cadatis?
437 3075 568 3142 animisl
592 3077 688 3144 Licet
707 3079 793 3144 enim
813 3077 922 3155 vobis,
948 3077 1043 3142 modo
1062 3075 1187 3151 velitis,
1216 3073 1321 3138 emere

102 3177 176 3248 hmo
191 3171 347 3245 immensi
361 3177 458 3266 pretii
475 3177 611 3244 salutem
627 3178 758 3268 proprio
777 3177 945 3256 thesaur03
974 3179 1125 3256 caritate,
1154 3175 1217 3241 fido
1238 3175 1321 3241 viva.

102 3281 199 3364 Quod
226 3279 368 3370 pretium
394 3279 474 3346 deus
498 3279 637 3346 libenter
657 3281 796 3373 accipit.¹
830 3281 1085 3368 „superavimus
1103 3279 1188 3346 enim
1207 3279 1243 3344 in
1262 3277 1322 3344 deo
1353 3265 1362 3275 ’

94 3385 183 3470 rivo,
202 3381 262 3468 qui
273 3385 326 3448 est
340 3385 486 3449 servator
500 3383 641 3450 omnium
656 3383 836 3463 hominum,
858 3385 1029 3473 praecipue
1049 3407 1125 3451 vero
1144 3383 1322 3449 fidelium.“

98 3485 216 3554 Ceteri
249 3485 359 3556 autem
386 3485 521 3563 mundo,
555 3487 646 3554 velut
675 3487 750 3576 alga
782 3483 918 3575 rupibus
947 3486 1091 3564 marinis,
1121 3483 1322 3560 circumnati,

95 3587 382 3658 immortalitatem
413 3591 585 3682 spernunt3
621 3589 888 3677 qucdmamodum
923 3613 1021 3656 senex
1045 3589 1099 3654 ille
1129 3584 1321 3661 Ithacensis,
1383 3663 1387 3670 1

95 3691 188 3760 baud
205 3690 337 3781 quidem
351 3711 446 3756 verae
466 3690 679 3792 scelestosque
694 3693 836 3780 patriae,
863 3693 914 3758 vel
936 3715 1031 3759 verae
1043 3691 1140 3770 lucis,
1172 3689 1228 3756 sed
1243 3685 1324 3752 fumi

97 3793 265 3864 desiderio
285 3789 457 3892 flagrabat.
500 3773 615 3874 Pietas
635 3795 759 3873 autem,
790 3799 828 3862 ut
813 3793 1004 3862 thomincm
1025 3793 1101 3872 dec,
1125 3790 1232 3880 quoad
1253 3789 1323 3854 eius
1353 3833 1358 3841 -

96 3896 212 3964 iacere
224 3897 349 3984 potest
372 3895 543 3974 assimilet,
572 3895 751 3963 idoneum
742 3897 807 3984 rpsi
826 3897 1019 3982 magistrum
1040 3899 1135 3963 deum
1157 3891 1323 3969 adscribit,
1385 3891 1390 3899 '

95 4023 155 4088 qur
143 3996 265 4064 solus
280 3997 452 4078 bominem,
468 4001 567 4088 prout
580 4002 633 4065 est
643 3999 788 4086 dignum,
804 4000 855 4066 dei
872 3999 1008 4066 similem
1023 3999 1149 4065 efficere
1163 3994 1323 4084 pollet...
1344 4078 1345 4081 Ἴ

95 4091 229 4169 Amfite
243 4118 332 4190 ergo,
353 4101 409 4190 qui
427 4101 555 4191 procul,
578 4101 707 4180 audite,
730 4103 785 4188 qui
805 4125 906 4192 prope
926 4101 1021 4168 astisl
1051 4099 1163 4186 chos
1185 4120 1220 4164 se
1241 4097 1326 4164 celat

97 4201 278 4286 neminem,
293 4202 351 4278 lux
365 4202 621 4290 estoommunis,
637 4201 1089 4272 lucetomnibushomi'nibus
1118 4202 1221 4269 Nemo
1235 4199 1325 4268 Cim·

96 4307 437 4398 mereusapudrto'por.
459 4306 872 4408 Properemusinsalutcm,
887 4327 1095 4402 properemus
1107 4305 1333 4372 adrenascen
1381 4303 1383 4306 ’

97 4409 233 4477 dum}
205 4415 217 4490 (
218 4411 267 4477 ἐπὶ
281 4415 341 4506 τὴν
350 4412 591 4496 παλιγγενεσίαν,
606 4401 892 4496 regenerationem,
908 4407 1134 4525 baptismum)l
1169 4405 1209 4472 In
1228 4429 1326 4474 unam
1382 4429 1389 4436 ·

100 4511 276 4578 mritatem
292 4534 380 4602 cogi
355 4511 570 4581 festinemus
584 4511 691 4591 multi,
712 4511 795 4578 ad'
768 4535 855 4595 erus,
883 4533 947 4598 qua
972 4509 1068 4576 unica
1093 4500 1247 4579 essentia
1261 4511 1324 4585 est,

61 4609 244 4694 ἰιιιὶιιιίι
265 4612 517 4686 similitudinem
560 4613 775 4706 Properemua
789 4613 924 4684 honeste
939 4614 1092 4704 agentesl
1105 4613 1186 4776 4Ριο
1200 4608 1325 4679 ratione
