2820 5052
605 348 670 416 205
760 360 764 366 '

52 529 174 598 essentia
187 529 229 600 ab
243 529 465 600 emimusms
479 531 560 605 eius.
586 536 638 602 Ae
652 533 731 600 mihi
745 531 885 620 quidem,
900 533 995 604 deum
1009 535 1158 606 absolute
1172 559 1247 608 esse

51 631 207 702 Dominum
221 635 457 714 universorum,
473 635 578 704 disere
594 635 724 704 suffieit.
767 635 834 704 Sed
853 651 952 724 quum
971 638 1055 706 duae
1074 639 1141 706 sint
1161 641 1247 728 veri·

50 736 113 804 totis
128 737 260 826 speeies,
276 739 406 808 nomina
424 740 461 806 et
479 761 543 816 res,
563 739 693 806 nomina
713 761 786 806 oum
806 744 924 808 ornatu
943 743 979 808 et
992 741 1152 830 elegantia
1167 747 1246 812 sunt

50 839 118 926 apud
125 839 268 910 Graeoos
279 839 498 930 philosophos,
505 851 556 906 res
567 843 677 908 autem
688 841 775 930 apud
785 839 949 912 barbaros.
966 841 1245 926 Quemadmodum

50 939 130 1027 igitur
143 941 307 1011 Dominus
321 942 378 1010 vili
393 963 431 1010 ne
445 938 556 1012 humili
570 945 715 1032 eorporis
729 945 832 1012 forma
844 965 926 1012 usus
940 949 1003 1025 eet,
1023 969 1064 1014 ne
1083 949 1156 1038 quis
1170 948 1248 1038 pul„

53 1043 219 1115 altitudinis
234 1045 307 1114 eius
322 1068 342 1114 a
356 1044 453 1114 rebus
468 1049 577 1114 mente
590 1047 804 1136 pereipieudis
816 1044 1042 1116 abduceretur:
1057 1049 1105 1116 ita
1116 1051 1245 1118 omnino

52 1165 95 1212 nou
106 1150 157 1214 est
170 1148 368 1216 versandum
382 1148 416 1216 in
431 1149 571 1216 dictione
587 1153 645 1218 sed
658 1149 693 1216 in
706 1147 803 1217 rebus
824 1147 1026 1236 significatis.
1070 1151 1144 1219 Vox
1157 1152 1245 1220 comi

49 1246 107 1315 nihil
119 1250 182 1318 nisi
197 1271 317 1330 sonum
331 1250 516 1340 intelligens
531 1254 640 1320 autem
655 1250 895 1341 comprehensio
905 1251 1001 1320 fidem
1012 1254 1157 1342 proxime
1168 1277 1246 1324 oon·

49 1352 180 1437 sequitur.
225 1353 327 1426 Fides
348 1356 459 1422 autem
478 1352 614 1422 caritate
629 1354 712 1424 viva·
722 1354 914 1437 aetornum
931 1355 1126 1443 eognitionis
1141 1357 1245 1445 parti-

47 1473 105 1540 ceps
117 1459 178 1535 est,
194 1459 236 1524 ut
250 1455 285 1524 hi
299 1457 385 1526 oeulis
397 1457 498 1524 meus.
540 1455 654 1542 Neque
671 1457 774 1544 igitur
792 1455 908 1536 fidelis,
930 1479 965 1524 se
983 1457 1065 1525 velle
1086 1458 1250 1548 imperare.

46 1555 204 1641 polloetur,
220 1560 282 1630 sed
295 1559 360 1626 iam
374 1559 542 1648 imperare,
557 1581 622 1628 non
636 1558 794 1639 futurum,
811 1559 868 1628 sed
882 1581 955 1628 esso
968 1559 1121 1648 regalem,
1144 1565 1178 1628 et
1191 1561 1243 1628 lu-

17 1649 23 1658 ’
45 1657 193 1742 ninosum,
208 1665 247 1731 et
261 1663 455 1751 gnostioum.
497 1661 564 1730 Res
579 1664 689 1729 autem
703 1661 783 1728 deus
796 1682 908 1730 omnes
928 1669 1062 1752 pmpter
1080 1663 1257 1752 principa-r

45 1755 91 1826 len
103 1763 327 1834 universitatis
348 1768 476 1855 partem
490 1764 527 1852 (i.
543 1785 570 1832 e.
585 1763 760 1848 hominem)
777 1766 909 1832 creavit.
950 1765 998 1832 Et
1015 1766 1154 1855 primum
1169 1767 1242 1853 qui·

45 1859 100 1930 den
117 1865 176 1934 hoo
195 1867 388 1936 beneficium
409 1866 458 1934 eie
475 1865 602 1945 tsibuit,
626 1870 665 1936 ut
689 1867 813 1945 fierent,
833 1866 950 1934 deiude
974 1866 1122 1948 alterum,
1143 1873 1184 1936 ut
1201 1867 1245 1936 ad

45 1965 186 2036 meliorem
201 1968 421 2038 eonditionein‘
434 1969 636 2058 proficerent.
679 1968 730 2036 Aa
741 1968 972 2058 profioiondum
988 1967 1123 2038 Graeeis
1139 1970 1243 2060 philo-

46 2067 138 2154 aphia
151 2085 282 2164 quoque
295 2073 375 2140 data
389 2075 451 2140 est.
494 2073 574 2140 Pili
597 2074 690 2138 sunt
710 2073 922 2138 numerati:
944 2095 1021 2138 num
1040 2072 1246 2176 philosophia

44 2171 136 2238 nonin
150 2176 307 2243 numero?
334 2173 522 2262 Philosophi
546 2173 657 2261 igitur·
673 2195 772 2260 quum
797 2195 838 2240 ex
862 2174 920 2252 eis,
942 2195 1025 2265 quae
1044 2174 1132 2264 apud
1144 2175 1242 2263 ipsos

44 2275 111 2340 reete
125 2277 213 2346 diota
230 2279 308 2356 siut,
322 2276 527 2366 proleoesint,
538 2275 663 2343 curiose
672 2297 780 2344 verum
791 2276 985 2364 indagantes
997 2276 1250 2366 philosophiam,

44 2371 174 2446 adfidem
190 2381 400 2469 perveniunt3
422 2379 485 2444 fide
499 2369 614 2448 'summ
635 2377 845 2446 fundamento
861 2380 913 2448 usi
931 2379 1115 2458 addiscunt,
1131 2379 1242 2468 cogni·

44 2469 144 2546 donem
159 2484 309 2572 eupiunt,
332 2483 373 2550 ad
396 2481 533 2549 salutem
553 2499 671 2569 magno
693 2481 802 2548 studio
822 2481 1032 2550 contendunt.
1074 2481 1145 2548 Iam
1165 2503 1242 2550 vero

43 2569 223 2652 horatione
238 2609 264 2657 s.
281 2584 463 2674 Seriphum,
480 2584 667 2675 spiritum
681 2605 821 2652 sensus
837 2585 950 2654 datum
965 2606 1037 2652 esse
1052 2607 1072 2650 a
1086 2584 1146 2652 deo
1160 2585 1248 2652 arti-¹

43 2671 147 2762 deibus,
163 2688 222 2778 qui
236 2687 316 2754 nihil
330 2687 418 2754 aliud
432 2689 484 2754 ost
499 2709 595 2774 quam
610 2687 793 2776 prudentia,
809 2687 859 2754 vis
875 2687 999 2757 animae
1010 2709 1059 2766 ea,
1071 2709 1153 2776 quae
1165 2709 1241 2755 oon·
1306 2757 1311 2764 ,

42 2778 201 2871 templator
219 2789 392 2868 essentias,
409 2789 564 2858 disoernit
585 2793 620 2856 et
638 2789 763 2856 eonfert
783 2811 993 2876 consequens,
1014 2790 1127 2868 simile,
1143 2790 1242 2857 dissi·

42 2879 110 2964 ΜΗΘ,
128 2892 299 2980 praecipit,
320 2892 479 2990 prohibet,
502 2891 665 2958 eouieotat
687 2889 808 2958 future.
853 2888 1044 2959 Cuiusmodi
1068 2893 1248 2980 prudentia

42 2983 122 3056 etiam
135 2991 169 3062 in
183 2995 280 3062 molis
296 2993 530 3082 quodammodo
544 3013 616 3078 ense
630 2994 750 3082 potest.
795 2992 861 3059 Sed
882 3015 940 3082 per
953 2996 1060 3060 totum
1074 2993 1251 3073 mundum,

42 3103 86 3168 ler
102 3097 208 3166 onnia
229 3097 369 3164 humana
393 3095 571 3186 pervadens
592 3094 764 3184 prudentia
787 3097 896 3162 mutat
915 3095 1158 3184 appellationes.
1203 3095 1241 3162 Si

42 3187 186 3268 admisse
207 3193 420 3288 applioaverit
439 3197 558 3276 oausis,
579 3196 762 3286 appellatur
782 3195 1077 3284 intelligentia,
1100 3197 1240 3288 quamsi

42 3282 300 3370 demonstratione
315 3300 563 3381 confirmaverit,
579 3299 759 3386 cognitio
774 3298 903 3382 dieitur,
925 3299 1139 3388 sapientia,
1150 3300 1240 3366 sei·

42 3393 161 3478 iulias
182 3404 301 3488 ineis,
331 3427 415 3495 quae
441 3405 482 3472 ad
507 3403 663 3492 pietatem
689 3404 850 3490 spectant,
877 3402 947 3469 sine
970 3393 1252 3500 contemplatione

42 3485 129 3566 lides
142 3510 211 3585 est3
232 3507 267 3573 in
281 3501 378 3574 r‘obus
394 3507 455 3574 sub
471 3527 586 3574 sensus
609 3503 799 3572 cadentibus
820 3507 931 3572 reeta
949 3505 1101 3594 opinio,
1121 3505 1155 3572 in
1169 3527 1239 3572 ma-

42 3611 125 3670 nuum
139 3608 321 3678 sationibus
337 3631 400 3675 ors
406 3633 416 3688 3
440 3609 491 3676 sin
505 3606 785 3676 observationibus
800 3607 947 3696 oprimis
962 3608 1069 3675 oauels
1086 3628 1239 3695 segrega·
1294 3633 1297 3646 ¹

42 3692 76 3763 lis
95 3705 219 3791 nititur,
243 3711 496 3801 experientia
520 3713 668 3789 vocatum
693 3710 907 3799 pertractatio
931 3713 1040 3777 autem
1063 3709 1248 3776 seeundum·

41 3792 259 3898 intelligentiae
273 3816 447 3906 praecepta
465 3814 584 3882 rationi
603 3812 795 3881 conveniens
815 3834 889 3880 oum
908 3812 1063 3882 eleetione
1078 3814 1113 3877 et
1126 3831 1239 3878 assen-

43 3899 119 3976 tione
130 3922 336 4008 nunoupatur
350 3916 583 3996 dialeotiea,
599 3937 681 4002 quae
695 3937 771 3984 vera
785 3914 964 3998 confirmat,
980 3912 1130 3982 dissolvit
1143 3911 1238 3979 dnbi-

43 3999 176 4086 lllioues.
218 4018 427 4108 Philosophia
450 4041 527 4106 ergo
551 4042 572 4086 a
596 4019 666 4099 deo,
692 4021 732 4086 ut
756 4016 812 4106 qui
836 4017 943 4087 omnia
968 4015 1096 4105 singula
1114 4000 1237 4114 videat,

42 4113 404 4210 mniumquebonorum
424 4123 470 4190 sit
487 4125 612 4190 auotor.
654 4119 722 4188 Nee
740 4143 817 4210 vero
836 4121 885 4187 ita
903 4120 1010 4187 omnia
1030 4119 1124 4188 adeo
1138 4118 1237 4210 pu'oli·

42 4205 162 4301 eiseunt,
181 4229 221 4293 ut
239 4225 343 4316 prima
362 4227 397 4293 et
415 4223 603 4315 principalis
621 4245 732 4291 eorum
751 4223 796 4291 sit
815 4243 913 4290 eausa
919 4246 928 4302 3
958 4223 1015 4290 sed
1034 4223 1138 4290 media
1152 4221 1245 4302 boua-

41 4302 111 4386 filssll
123 4323 178 4410 p'er
191 4327 346 4397 homines.
390 4329 495 4416 Atqui
509 4325 673 4394 hominum
687 4327 773 4395 vires
793 4325 887 4392 adeo
901 4325 1008 4406 datae,
1029 4329 1063 4394 et
1078 4323 1247 4417 quidquid,

42 4401 698 4522 beneogunthomins„h00p10videntie
718 4429 799 4500 duee
818 4429 932 4517 agunt.
974 4429 1087 4522 Atque
1107 4428 1247 4498 divinae·

43 4545 225 4586 N..

81 4635 109 4711 ³)
123 4651 306 4716 eeu-sm
