2972 5048
401 255 416 292 ο
500 239 504 244 .

686 337 727 402 67

599 418 804 440 b--ffl

104 563 107 572 ι
151 521 231 590 Non
253 521 382 588 externi
404 519 508 608 igitur
526 519 665 588 hominis
686 523 872 611 adspectus,
899 523 956 590 sed
976 523 1102 591 animus
1127 524 1324 619 honestetis

96 624 333 716 pulchritudine
348 623 511 690 ornandus
526 627 592 702 est3
613 628 650 690 ct
665 627 692 692 si
704 625 782 715 quid
794 625 918 714 corpori
931 628 1065 692 ornatus
1076 627 1309 723 darcvolueris‚

94 728 151 794 hoc
164 727 404 815 temperantiae
419 725 533 792 decore
548 727 688 792 ornabis.
732 725 887 794 Mulieres
902 731 1022 806 autern,
1042 752 1125 818 quae
1139 736 1309 800 externum

97 831 220 896 tautum
235 829 399 896 hominem
414 827 535 906 colunt,
552 828 791 918 Aegyptiorum
806 829 936 918 templis
960 829 1080 896 similes
1102 835 1254 911 evadunt,
1274 835 1309 900 in

102 931 208 1020 quibus
229 931 342 996 omnia
361 953 452 1008 auro,
475 935 626 1015 argento,
653 932 772 998 electro
800 931 975 1008 collucent3
998 933 1034 998 at
1056 957 1135 1000 ¹vero
1157 935 1254 1002 deum
1281 936 1309 1000 si

102 1033 282 1120 quaesieris,
303 1031 384 1100 velis
405 1034 593 1114 contractis,
612 1033 740 1099 beluam
766 1057 848 1121 quae
869 1057 967 1132 super
984 1039 1108 1102 vestem
1131 1039 1309 1124 stragulam

98 1158 289 1226 purpuream
310 1135 487 1214 volutatur,
510 1135 758 1200 animadvertes.
802 1135 895 1216 Quae
916 1136 1001 1202 euim
1021 1139 1145 1228 corpori
1166 1141 1310 1207 ornando

20 1293 21 1300 ,
95 1239 186 1306 nimis
202 1239 336 1314 vacant,
351 1237 403 1303 dei
418 1236 591 1323 imaginem
606 1237 695 1303 intus
711 1237 914 1302 habitantem
927 1240 1108 1328 negligunt.
1131 1241 1197 1308 Sed
1207 1243 1310 1310 homi-

94 1365 167 1407 num
193 1340 345 1430 opificem
370 1359 499 1428 quoque
529 1339 723 1404 contumelia
755 1339 916 1417 alliciunt,
944 1363 1026 1429 quae
1051 1347 1220 1432 tantopere
1246 1344 1310 1410 arti

95 1443 207 1509 affixae
222 1443 305 1507 sunt
318 1440 453 1506 ornandi
468 1443 503 1505 et
516 1439 655 1518 fucandi,
673 1439 766 1529 quasi
781 1442 1022 1508 convenientem
1039 1443 1309 1532 pulchritudinem

96 1547 136 1611 eis
153 1545 210 1610 ille
230 1566 298 1610 non
318 1542 483 1608 donasset.
528 1541 630 1624 Quae.
642 1565 741 1630 quum
761 1542 898 1608 ethnicis
917 1545 1023 1634 poetis
1043 1531 1168 1610 invisae
1188 1547 1256 1611 sint
1276 1551 1311 1616 et

20 1645 21 1650 ’
97 1645 359 1722 contemnendae,
375 1647 497 1730 quanto
518 1645 622 1730 magis
643 1648 740 1710 erunt
758 1645 902 1711 abiectae
924 1646 1069 1713 veritatil
1092 1647 1256 1734 Liguritio
1276 1649 1311 1714 et

95 1748 266 1816 ebriositas
281 1769 401 1834 magna
418 1749 496 1812 sunt
510 1747 605 1824 vitia3
628 1747 732 1812 maius
748 1750 856 1816 autom
872 1749 1007 1815 nimium
1023 1749 1073 1815 sui
1088 1750 1222 1816 ornandi
1238 1752 1310 1816 stu-

96 1851 193 1917 dium.
233 1850 355 1916 Mensa
370 1850 455 1914 enim
469 1848 565 1936 plena
581 1853 614 1915 et
629 1850 815 1938 frequentes
831 1851 947 1917 calices
963 1851 1005 1916 ad
1019 1851 1215 1939 cupiditates
1235 1851 1309 1918 illas

20 1993 22 2016 ι
100 1951 273 2040 implendas
290 1951 472 2018 sufficiunt:
495 1953 532 2016 at
551 1951 609 2041 qul
630 1952 709 2028 auri,
731 1977 903 2042 purpurae,
924 1975 1124 2040 gemmarum
1139 1954 1239 2020 nimio
1259 1957 1311 2020 te-

20 2059 26 2080 ’
104 2057 214 2120 nentur
226 2053 348 2131 studio,
363 2053 522 2143 quamvis,
538 2057 620 2141 quae
636 2058 867 2140 superterram
883 2059 1014 2144 atquae
1030 2055 1091 2122 suh
1113 2058 1210 2134 terra,
1232 2077 1310 2144 pos-

101 2155 221 2224 sideant
246 2155 370 2238 omnia,
396 2177 561 2244 nunquam
587 2155 767 2220 satiantur.
802 2155 914 2246 Neque
939 2157 1023 2222 enim
1049 2157 1213 2244 possessio
1242 2157 1312 2226 sola

96 2261 272 2350 quaeritur,
294 2257 361 2335 sed,
380 2261 417 2323 ut
428 2249 655 2346 adspiciuntur
674 2257 880 2346 possidentes
901 2262 936 2324 et
950 2257 1160 2337 honorentur,
1184 2259 1308 2326 volunt.

96 2361 249 2428 Christus
265 2383 341 2427 vero
356 2361 516 2442 hortatur,
538 2363 577 2426 ut
596 2383 644 2438 ea,
667 2383 749 2452 quae
768 2384 833 2426 non
853 2360 1035 2440 videantur,
1056 2363 1307 2441 consideremus,

91 2485 153 2530 non
168 2486 221 2541 ea,
231 2485 316 2554 quae
330 2463 432 2530 oculis
447 2462 638 2529 intucamur.
684 2461 801 2545 „Quae
814 2463 899 2529 enim
911 2463 1071 2542 videntur,
1089 2468 1168 2532 sunt
1182 2469 1309 2553 tempo-

91 2564 189 2642 ralia3
215 2586 301 2654 quas
314 2567 423 2630 autc‘m
443 2587 508 2631 non
528 2565 690 2644 videntur,
711 2571 875 2633 aeterna.“
920 2565 986 2648 Qui
1004 2569 1146 2656 corporis
1168 2567 1311 2656 pulchri-

89 2667 239 2734 tudinem
260 2688 394 2756 eamque
413 2666 523 2732 fictam
544 2671 722 2746 sectantur,
749 2691 858 2735 veram
883 2667 1051 2749 amittunt,
1072 2691 1209 2760 quorum
1235 2669 1310 2736 finis

62 2831 64 2838 ,
89 2793 178 2837 mors
194 2771 230 2835 et
243 2775 418 2858 poenae1).

156 2871 227 2939 Sed
246 2893 285 2937 eo
306 2869 468 2936 stultitiae
491 2871 625 2936 ventum
651 2871 713 2952 est,
739 2872 777 2935 ut
802 2867 863 2935 viri
887 2891 1024 2958 quoque,
1049 2870 1310 2940 muliercularum

88 2975 200 3052 modo,
216 2973 471 3060 corpusculum,
487 2971 552 3060 qui,
572 2971 649 3036 flore
663 2969 748 3036 virili
768 2971 906 3058 perdito,
931 2971 1155 3039 effeminentur
1176 2993 1310 3040 neccsse

88 3081 154 3144 est.
199 3074 298 3142 Unde
312 3075 411 3142 urbes
425 3097 546 3151 eorum,
561 3071 616 3161 qui
631 3071 753 3159 piuant,
769 3069 899 3149 radunt,
914 3073 1048 3150 vellunt,
1060 3073 1174 3161 plenae
1188 3078 1223 3142 et
1233 3075 1309 3141 cffi-

89 3180 250 3246 oinarum.
293 3159 536 3266 Ubique'enim
560 3173 621 3256 viri
643 3170 725 3266 nihil
744 3167 915 3259 pudentes,
941 3197 1021 3263 quos
1048 3193 1153 3266 neque
1173 3177 1309 3245 aliorum

88 3281 195 3371 pudet
208 3301 313 3370 neque
329 3281 381 3346 sui
393 3281 546 3369 ipsorum.
568 3276 735 3361 Diogenes
747 3275 886 3363 quidem,
903 3299 1002 3364 quum
1013 3279 1217 3358 venderetur,
1230 3280 1309 3348 riri·

88 3385 178 3462 liter,
194 3382 302 3461 meni,
317 3381 436 3470 inquit,
452 3381 652 3454 adolescens,
667 3399 737 3442 eme
752 3377 814 3446 tibi
834 3377 974 3456 virum,
998 3379 1143 3448 oratione
1157 3383 1310 3470 ambigua
1392 3379 1394 3385 '

90 3484 313 3553 meretricium
327 3483 415 3550 illius
430 3483 577 3550 habitum
592 3475 767 3567 castig‘ans.
800 3478 991 3546 Absurdum
1006 3489 1059 3548 est
1071 3487 1182 3552 autern
1197 3507 1310 3554 senec·

91 3591 201 3655 tutem
216 3587 330 3674 lugere
343 3583 501 3675 tanquam
515 3582 654 3664 malum?
665 3575 917 3674 idque'corpore
937 3583 1110 3670 pingendo.
1154 3587 1238 3654 Nam
1253 3586 1310 3676 qui

93 3713 131 3758 se
144 3689 299 3776 pingunt,
314 3710 414 3776 rugas
429 3711 495 3754 non
510 3689 636 3756 evitant
655 3708 760 3777 neque
780 3689 916 3752 mortam
936 3685 1105 3772 fugabunt
1150 3687 1308 3757 Senectus

93 3816 171 3862 vero
185 3815 226 3861 eo
239 3789 529 3870 estvenerabilior‚
552 3813 616 3882 qno
636 3786 841 3877 propior'fini
864 3785 987 3860 ultimo.
1031 3787 1177 3866 „Senum
1201 3792 1311 3856 autam

94 3915 224 3974 corona,
238 3893 289 3960 ait
306 3876 352 3960 s?
360 3892 445 3971 Sor„
465 3893 569 3960 multa
588 3897 641 3960 est
661 3889 876 3977 experientia3
899 3895 934 3956 et
953 3889 1063 3958 vultus
1084 3890 1154 3956 eius
1174 3889 1312 3958 canities

93 3995 154 4062 flos
168 3995 359 4064 estmultae
380 3993 631 4085 experiendas
671 3992 765 4060 Deus
779 3991 850 4079 ipse
866 4013 966 4058 senex
978 3993 1031 4059 est
1045 3993 1206 4058 aeternus.
1245 3990 1312 4058 Sed

94 4097 148 4164 dei
172 4121 257 4187 opus
283 4097 339 4188 qui
365 4120 493 4187 semper
519 4097 655 4164 student
683 4115 852 4172 renouare,
883 4093 944 4160 deo
976 4095 1163 4182 repugnant
1193 4091 1310 4180 opifici.

95 4197 313 4270 Renovandus
333 4199 509 4278 esthemo,
535 4219 600 4266 uon
620 4197 773 4284 tinctmis
793 4196 1065 4286 ornamentisque,
1092 4193 1312 4283 sed⁴‚,spiritu

96 4301 252 4382 mentis,“
265 4305 305 4368 ut
319 4301 456 4380 ‚indust
477 4323 597 4368 novum
610 4298 780 4383 hominem,
800 4298 856 4388 qui
871 4297 1047 4364 secundum
1066 4298 1163 4366 deum
1182 4299 1313 4364 creatus

99 4405 162 4484 est,
179 4405 215 4474 in
233 4403 363 4472 iustitia
382 4407 417 4474 et
441 4403 620 4474 sanctitate
645 4399 830 4471 veritatis.“
872 4399 1015 4468 Barbam
1040 4401 1151 4470 autem
1176 4398 1311 4470 tondere

100 4537 299 4558 Μ
346 4543 349 4550 ’

147 4625 180 4696 ³)
197 4607 380 4718 pauc-luc

1072 4678 1110 4768 u
1186 4731 1189 4737 -
