2972 5048
688 383 730 452 aa
785 330 806 418 f

110 569 261 648 ediscunt,
283 571 384 657 atque
409 571 489 637 ahos
511 549 641 654 quidein
661 569 747 637 viros
768 569 906 650 habent,
933 571 975 640 ab
1001 572 1074 640 aliis
1098 575 1319 664 possidentur,

107 674 177 740 ahos
190 677 286 740 vates
303 673 351 739 eis
372 672 574 762 pollicentur.
617 671 716 738 Multi
737 673 836 741 etiam
858 678 935 742 sunt
955 675 1155 743 meretriciae
1175 677 1324 766 impudi-.
1408 739 1415 744 .

108 775 194 842 eitiae
205 773 363 852 ministri,
378 774 433 840 alii
447 773 576 842 aliunde
596 773 784 843 subeuntes.
829 774 1046 844 Cinaedorum
1067 779 1181 856 deinde
1202 781 1318 850 turbae

109 877 206 964 lingua
221 877 417 954 effrenatae3
441 875 589 944 scelerati
602 875 636 942 hi
650 899 783 967 corpore
802 881 926 969 pariter
940 883 1038 966 atque
1050 881 1204 949 oratione.
1248 883 1316 952 Sed

112 979 289 1048 urbaniores
317 982 447 1068 praeter
473 978 638 1046 hominum
668 981 911 1048 multitudinem
939 983 1195 1050 ministrantium
1226 985 1319 1054 alunt

109 1083 194 1150 etiam
217 1085 299 1150 aves
318 1079 453 1150 Jndioas
474 1104 679 1170 pavoneaque
694 1083 851 1163 Medieos,
868 1088 903 1151 et
915 1084 1033 1152 ludunt
1052 1109 1124 1152 oum
1144 1089 1317 1168 monstris;

107 1183 571 1252 Thersitenaudientesrident
594 1183 1316 1264 Modestamautemeteontinentemviduam,

104 1288 255 1356 Melitaeo
266 1286 384 1355 catello
394 1285 490 1374 longe
504 1289 784 1376 praestantiorem,
797 1289 990 1378 despiciunt,
1006 1289 1179 1376 negligunt
1192 1291 1316 1363 iustum
1419 1363 1426 1370 ,

105 1414 218 1471 senem,
246 1391 303 1478 qui
322 1393 384 1468 est,
410 1390 445 1454 ni
464 1387 569 1472 fallor,
595 1394 740 1456 monstro
766 1410 840 1458 aere
867 1396 976 1480 empto
1000 1393 1105 1484 magis
1127 1393 1262 1460 decorus
1284 1396 1318 1460 et

105 1493 267 1562 honestus.
312 1491 381 1558 Nec
395 1513 532 1580 puerum
547 1489 660 1558 orbum
675 1493 865 1572 admittunt,
881 1511 963 1581 quae
978 1495 1138 1584 psittacos
1154 1498 1188 1560 et
1202 1494 1316 1562 chara-

106 1598 166 1663 dios
187 1596 355 1680 nutriunt;
376 1597 411 1661 et
428 1595 511 1660 filios
538 1595 667 1681 quidem
696 1595 783 1661 domi
804 1599 899 1663 natos
920 1599 1098 1685 exponunt,
1120 1597 1314 1684 gallinarum

104 1700 203 1789 pullos
218 1697 404 1788 excipiunt3
427 1699 558 1783 atquae
574 1700 651 1763 sunt
670 1699 817 1786 expertia
838 1701 985 1778 rationis,
1007 1698 1065 1777 eis,
1087 1721 1169 1784 quae
1189 1699 1316 1768 ratione

104 1802 246 1890 praedita
263 1803 351 1878 sunt,
373 1799 575 1888 praeierunt,
592 1822 701 1887 --quum
718 1825 810 1870 senes
826 1803 910 1869 alere
926 1805 1102 1890 oporteret,
1121 1801 1176 1888 qui
1194 1805 1317 1890 tempe-

107 1905 209 1970 rantia
226 1903 346 1981 ornati,
363 1906 450 1980 sunt,
466 1901 572 1980 credo,
601 1904 702 1970 simiis
718 1905 923 1973 formosiores
935 1891 1166 1994 pulchriusque
1177 1903 1318 1994 possunt

111 2005 191 2090 loqui
209 2005 365 2072 lusciniis.
410 2005 635 2084 „Foeneratur
661 2008 745 2073 enim
766 2005 846 2092 deo,¹
864 2009 919 2094 qui
939 2009 1112 2076 miseretur
1131 2007 1316 2096 pauperis.“
1404 2057 1406 2062 -

111 2107 208 2194 (Prov.
224 2110 278 2176 19.
296 2105 337 2175 ot.
353 2105 474 2172 Matth.
490 2107 555 2190 25.)
567 2113 605 2190 ¹).

159 2211 286 2278 Balnea
300 2211 410 2276 autem
423 2231 465 2275 ne
481 2209 548 2274 sint
558 2211 739 2277 communia
753 2209 831 2277 viris
847 2211 882 2276 et
892 2207 1091 2288 mulieribus.
1107 2211 1146 2278 ut
1160 2233 1201 2276 ex
1215 2211 1261 2276 eis
1274 2209 1316 2275 ad

100 2313 382 2403 intemperantiam
411 2315 594 2399 emergant,
629 2314 722 2403 quasi
749 2314 853 2403 pudor
877 2311 1040 2378 lavatione
1060 2313 1149 2379 esset
1167 2313 1315 2378 obrutus.

99 2416 208 2502 Neque
225 2439 300 2482 cum
314 2413 426 2480 tunica
438 2403 543 2501 pudor
556 2417 732 2487 exuendus.
762 2417 827 2510 Sed
840 2415 988 2502 inprimis
1005 2416 1102 2494 viros,
1124 2433 1316 2503 generosum

97 2519 247 2586 veritatis
259 2517 386 2582 feminis
398 2517 591 2605 praebentes
604 2517 795 2608 exemplum,
811 2541 877 2582 una
889 2539 961 2583 oum
973 2517 1019 2584 eis
1032 2519 1106 2584 exui
1116 2515 1315 2599 erubescere,

96 2621 321 2704 lubricumque
335 2642 373 2685 ac
387 2619 602 2707 periculosum
618 2623 759 2708 effugere
774 2621 964 2710 adspectum
979 2621 1082 2688 decet.
1125 2620 1215 2704 „Qui
1231 2605 1315 2685 enim

23 2733 29 2742 '
94 2723 267 2799 curiosius,
283 2721 331 2788 ait
341 2722 515 2800 Dominus,
534 2719 688 2812 respexit,
699 2724 764 2789 iam
776 2723 957 2812 peccavit.“
982 2723 1118 2818 (Matth.
1131 2726 1174 2806 5).
1207 2724 1315 2811 Opor-

23 2885 25 2892 ,
94 2829 143 2894 tet
157 2817 238 2914 ergo
254 2824 340 2914 domi
356 2825 485 2911 quidem
500 2848 608 2892 coram
624 2825 813 2914 parentibus
829 2830 864 2894 et
878 2825 1065 2892 domesticis
1081 2825 1197 2892 rubore
1213 2825 1313 2904 allici3

92 2931 124 2996 in
136 2931 201 2998 viis
213 2931 443 3009 cremorem
455 2927 570 3005 obviis,
582 2928 616 3021 in
627 2927 751 2994 balneis
765 2949 872 2992 coram
884 2928 1083 3006 mulieribus,
1095 2928 1129 2992 in
1142 2927 1315 2992 solitudine

92 3048 201 3119 eoram
219 3032 338 3120 seipso,
356 3031 412 3096 sed
427 3029 546 3114 ubique
561 3051 668 3096 eoram
683 3030 788 3116 Lego,
811 3031 867 3116 qui
882 3035 934 3096 est
948 3031 1067 3120 ubique
1089 3033 1147 3112 „et
1162 3027 1231 3094 sine
1242 3029 1314 3116 ipso

91 3137 217 3216 iactum
233 3137 286 3200 eet
300 3131 413 3200 nihil.“
456 3131 530 3201 Hoc
547 3131 631 3198 enim
653 3131 757 3198 solum
771 3133 896 3200 ratione
910 3133 964 3210 fit,
994 3138 1033 3198 ut
1052 3131 1124 3218 quie
1149 3153 1314 3216 nunquam

91 3237 279 3314 labatur,.ei
295 3235 390 3304 deum
404 3235 465 3302 sibi
480 3235 544 3322 ipsi
561 3257 687 3324 semper
701 3234 816 3302 adesse
831 3235 988 3320 credat-²).

161 3341 228 3408 Sed
243 3339 330 3430 quod
346 3339 467 3406 attinet
481 3337 523 3404 ad
539 3336 769 3424 supellectilem
785 3336 934 3416 famulos,
958 3336 1089 3415 balnea,
1105 3337 1213 3402 cetera
1227 3336 1315 3403 eius-

91 3443 182 3512 modi
195 3443 281 3510 hona
297 3447 442 3520 externa,
463 3439 559 3506 multi
573 3440 686 3508 horum
703 3439 905 3529 splendorem
921 3441 1072 3508 adamare
1089 3438 1211 3519 solent,
1228 3439 1315 3526 quod

91 3545 214 3615 divites
229 3545 331 3614 videri
346 3545 469 3620 volunt,
485 3543 557 3628 quis
573 3565 647 3610 vere
661 3543 751 3610 dives
768 3543 822 3623 eit,
833 3543 1034 3632 ignorantes.
1077 3542 1149 3608 Has
1164 3541 1249 3608 enim
1264 3541 1314 3608 di·

91 3649 203 3727 vitias,
219 3670 301 3734 quas
316 3647 487 3724 ceruimus,
511 3645 567 3736 qui
580 3645 690 3724 habet,
705 3669 786 3725 non,
808 3647 894 3738 quod
914 3646 1029 3724 habet,
1057 3644 1129 3710 ideo
1146 3643 1236 3708 dives
1255 3645 1315 3710 est.

91 3751 285 3818 Fieri'enim
299 3750 420 3838 potest,
444 3750 483 3814 ut
497 3747 570 3838 quis
589 3751 623 3814 te
643 3749 760 3816 illudat
780 3749 841 3816 hoo
859 3747 969 3814 modo:
1001 3769 1127 3836 „equus
1147 3745 1233 3824 eius,
1263 3743 1315 3810 vel

92 3853 226 3932 iundus,
249 3851 300 3918 vel
321 3873 433 3918 servus
450 3853 502 3918 est
526 3851 623 3938 pretii
656 3850 838 3940 quindecim
857 3851 1054 3918 talentorum
1061 3873 1070 3926 ;
1097 3851 1222 3914 atvero
1243 3845 1314 3934 ipse

93 3956 194 4022 trium
210 3955 375 4024 obolorum
391 3956 453 4033 est,
470 3956 528 4020 aut
541 3953 650 4042 paullo
665 3953 778 4042 pluris.
820 3952 898 4022 Jam
912 3953 997 4020 enim
1012 3951 1104 4018 aufer
1119 3947 1274 4014 mundum
1294 3969 1314 4012 a
1378 4019 1387 4029 ‚

93 4056 233 4137 feminis,
255 4055 427 4124 adominis
444 4079 570 4124 seruos:
592 4056 672 4122 nihil
686 4056 829 4122 invenies
848 4055 994 4124 dominos
1009 4055 1144 4124 differre,
1158 4073 1178 4116 a
1192 4049 1314 4118 manci-

95 4159 170 4246 piis,
187 4183 292 4250 neque
306 4147 446 4239 incessu,
462 4181 565 4249 neque
580 4159 750 4250 adspectu,
764 4179 823 4226 nec
839 4179 994 4226 sermone.
1021 4155 1090 4221 Imo
1102 4176 1177 4222 vero
1192 4153 1314 4222 disere·

98 4333 298 4346 ’,α--μι-

152 4417 176 4484 ¹)
192 4435 218 4486 p.
231 4416 379 4473 tos-272.
413 4419 485 4470 Haec
496 4417 596 4484 gentilis
608 4423 646 4470 est
658 4419 875 4487 descriptorum,
887 4431 938 4482 qna
954 4415 992 4465 uti
1004 4419 1073 4465 vetat
1089 4415 1165 4465 modo
1175 4413 1315 4479 baptizatos

101 4506 245 4570 egentibus,
257 4519 308 4556 non
320 4503 482 4558 christianae.
518 4505 586 4557 Num
598 4504 728 4557 christiani
741 4512 794 4555 tum
807 4505 909 4569 quidem
921 4501 1039 4568 temporis
1051 4501 1148 4552 maiore
1160 4501 1315 4552 ornabantur

102 4591 218 4652 pudicita.

153 4673 180 4740 ¹)
197 4691 223 4742 p.
236 4669 383 4729 alu-tta.
