2830 5052
567 307 769 410 ...3⁵2-

62 489 162 570 aritia
175 493 349 581 posterum
361 491 545 580 mosticne,
562 493 715 562 similiter
724 494 931 562 confitebitur
950 497 1084 585 propter
1097 493 1149 562 dei
1163 496 1274 586 proxi-

60 615 239 680 morumque
253 595 478 678 caritatcm1).
584 637 587 642 ·

110 711 180 778 lam
201 735 309 799 quum
328 711 490 779 Dominus
511 712 646 779 dixerit:
674 715 840 798 Quando
862 739 929 783 vos
956 716 1161 805 persecuti
1185 715 1272 782 fue-

59 815 128 879 rint
147 813 188 879 in
210 815 287 882 hac
311 815 498 892 civitate,
521 815 652 901 fugite
671 818 710 882 in
735 817 868 883 aliamr
897 819 1104 909 nonaequidem
1124 817 1274 886 hortatur

60 917 88 979 ut
99 915 266 1002 fugiamus
283 917 552 1005 persecutionem,
575 919 808 1008 quasi‘malum
829 923 927 998 esset,
943 944 1002 988 nec
1016 913 1172 1010 tanquam
1186 939 1272 986 mor-

62 1020 109 1082 tem
124 1019 385 1086 extimescentes
407 1019 486 1106 iuga
505 1019 588 1085 hanc
608 1019 768 1087 declinare
787 1043 846 1087 nos
873 1021 979 1099 iubet3
1014 1023 1072 1088 sed
1097 1023 1169 1088 vult
1192 1021 1273 1088 nulli

60 1119 161 1186 homini
187 1143 253 1188 nos
284 1143 356 1188 esse
382 1125 530 1188 auctores
556 1123 633 1188 malr
657 1123 709 1189 vel
734 1123 907 1214 adiutores,
932 1147 1037 1210 neque
1060 1125 1270 1213 nobisipsis,

57 1243 144 1312 neque
160 1224 202 1302 ei,
221 1225 285 1316 qui
300 1223 516 1313 persequitur,
532 1245 635 1310 neque
650 1225 857 1295 interimenti.
878 1245 880 1256 ’
903 1223 969 1307 Qui
992 1228 1100 1292 autem
1113 1249 1182 1292 non·
1195 1227 1272 1292 obe·

57 1323 104 1400 dit,
118 1328 319 1392 temerarior
335 1329 396 1392 est.
431 1321 497 1407 Qui
514 1347 548 1392 se
563 1327 718 1394 audacter
732 1329 827 1400 offert
841 1328 1041 1415 capiendum,
1057 1327 1097 1406 is,
1113 1332 1272 1418 quantum

34 1427 96 1488 est
113 1427 145 1490 in
165 1427 258 1515 ipsc,
284 1429 417 1494 adiuvat
436 1428 676 1514 improbitatem
702 1432 782 1508 eius,
807 1429 861 1518 qui
886 1430 1099 1517 persequitur.
1143 1429 1271 1512 Quodsi

54 1527 138 1594 etiam
152 1529 352 1608 irritaverit,
368 1531 463 1618 plane
479 1517 653 1609 causaest,
669 1535 708 1598 ut
723 1533 777 1618 qui
792 1535 946 1620 provocet
960 1532 1070 1596 feram.
1114 1531 1271 1596 Similiter

56 1628 156 1718 siquis
173 1631 324 1722 aliquam
339 1653 469 1720 pugnae
484 1633 638 1720 praebeat
659 1655 802 1717 causam,
817 1633 869 1699 vel
883 1634 1002 1711 damni,
1018 1632 1069 1699 vel
1082 1633 1203 1710 iudicii,
1219 1633 1271 1698 vel

55 1729 301 1814 inimicitiarum,
328 1735 356 1800 is
383 1735 584 1802 occasionem
608 1737 735 1826 peperit
761 1737 1005 1825 persecutionis.
1048 1735 1164 1824 Itaque
1189 1733 1270 1800 nihil

55 1834 176 1902 retinere
198 1838 289 1908 iussi
310 1859 432 1916 sumus,
453 1859 535 1923 quae
555 1837 597 1902 ad
618 1837 701 1905 hano
721 1839 822 1905 vitam
841 1839 1017 1928 pertinent,
1044 1838 1101 1903 sed
1126 1837 1176 1916 ei,
1203 1835 1269 1923 qni

57 1934 150 2003 tollit
171 1937 364 2027 pallium,
386 1943 598 2028 praeterea
620 1941 739 2006 etiam
762 1941 856 2007 dure
878 1939 1064 2006 tunicam.

103 2057 161 2136 At,
178 2059 350 2149 inquiunt,
375 2057 402 2124 si
423 2057 502 2122 deus
523 2061 625 2124 vestri
646 2081 754 2125 curam
770 2057 866 2145 gerit,
882 2081 939 2125 cur
953 2059 1100 2146 patimini
1118 2081 1268 2148 persecu-

58 2151 159 2224 tionem
175 2165 213 2227 et
228 2164 336 2227 morte
351 2157 547 2225 afficiminii'
557 2184 598 2225 an
613 2161 683 2248 ipse
699 2185 756 2227 vos
773 2161 819 2226 eis
835 2161 957 2225 tradit?
979 2159 1071 2226 Haec
1086 2161 1138 2226 dei
1153 2159 1268 2226 volun-

56 2256 95 2320 tas
113 2285 177 2336 nan
202 2267 272 2348 est;
307 2285 388 2350 quae
409 2265 564 2330 eventiua
585 2267 706 2340 essent,
730 2263 892 2352 praedixit
916 2263 1056 2327 tantum.
1100 2259 1168 2326 Nec
1191 2283 1267 2328 vero

55 2354 153 2428 iudicis
169 2365 340 2430 iniustitia
355 2363 406 2428 dei
422 2365 657 2451 providentiam
673 2365 824 2452 attingit3
840 2367 969 2452 oportet
983 2364 1066 2429 enim
1081 2363 1218 2430 iudicem
1233 2363 1268 2428 in

56 2478 102 2524 aua
115 2467 287 2549 potestate
301 2467 419 2534 habere
436 2489 526 2532 suam
544 2467 748 2544 sententiam,
770 2489 839 2545 nec,
860 2467 1148 2533 instrumentorum
1162 2467 1267 2533 instar

53 2557 270 2646 inanimorum,
286 2569 394 2634 nervis
416 2569 650 2658 quodammodo
671 2569 756 2634 trahi
777 2573 811 2634 'et
830 2569 871 2634 ab
891 2573 1025 2636 externa
1046 2567 1148 2635 solum
1168 2587 1267 2634 causa

54 2661 107 2728 vim
120 2669 267 2758 recipere
282 2669 409 2756 agendi.
453 2669 562 2736 Judex
582 2673 691 2736 autem
711 2695 813 2758 neque
833 2673 925 2737 novit
944 2675 1057 2739 nostra
1076 2695 1180 2762 neque
1194 2671 1267 2736 vult

54 2763 132 2843 scire,
149 2772 210 2836 sed
225 2772 315 2838 inani
339 2771 477 2858 quodam
498 2777 754 2861 praeoccupatus
776 2759 936 2860 abripitur
955 2774 1159 2862 praeiudicio,
1181 2774 1278 2850 unde·

54 2865 139 2934 etiam
153 2873 228 2962 ipse
243 2873 363 2940 iudicio
377 2873 416 2938 fit
430 2875 600 2940 obnoxius.
647 2876 713 2941 Sed
733 2898 791 2940 nos
812 2880 1061 2964 persequuntur,
1078 2875 1266 2963 quodvitaa

53 2962 211 3054 humanae,
236 2998 274 3042 eo
296 2977 381 3066 quod
406 2977 505 3042 simus
529 2977 706 3054 christiani,
731 2977 881 3042 iniuriam
908 2999 968 3042 nos
992 2977 1109 3040 inferre
1132 2977 1264 3042 exsisti-
1377 2971 1381 2984 '

53 3077 141 3142 mant.
188 3075 262 3145 Cur
281 3083 401 3157 autem,
421 3079 583 3164 inquiunt,
606 3101 705 3168 quum
725 3101 783 3144 vos
805 3082 1051 3168 persequantur,
1072 3074 1151 3142 nihil
1171 3077 1263 3143 vobis
1293 3073 1296 3086 ’

53 3171 177 3244 affertur
192 3179 328 3246 auxilii?
352 3179 441 3262 Quid
461 3181 566 3246 enim?
593 3181 728 3247 nobisne
748 3181 787 3246 fit
805 3181 932 3259 iniuria,
955 3181 1032 3248 dum
1046 3183 1149 3246 morte
1166 3179 1265 3244 soluti

53 3271 207 3348 tendimus
235 3283 278 3347 ad
302 3281 490 3360 Dominum,
506 3305 620 3368 >neque
649 3283 744 3349 aliter
771 3283 859 3350 vitae
887 3282 1073 3374 mutatione
1096 3281 1263 3361 afficimur,

54 3393 139 3459 quam
155 3385 214 3474 qui
229 3407 270 3452 ex
284 3407 348 3450 una
363 3388 471 3452 aetate
487 3386 528 3452 ad
543 3387 645 3452 aliam'
654 3389 846 3452 transeunt?
862 3387 988 3468 Quodsi
1001 3385 1174 3474 sapiamus,
1188 3409 1263 3472 gra-

54 3473 108 3544 tias
123 3484 181 3564 eis,
205 3488 261 3573 qui
281 3485 394 3552 celeris
415 3489 618 3576 migrationis
640 3491 916 3578 opportunitatem
936 3489 1028 3554 nobis
1044 3488 1261 3577 praebuerint,

54 3581 138 3649 nodo
153 3592 289 3676 propter
301 3589 470 3655 caritatem
485 3594 645 3678 martyres
662 3592 788 3670 fiamus,
804 3590 1003 3656 habebimus.

107 3701 372 3786 Basilidesvero,
397 3709 538 3773 ceterum
559 3709 771 3797 pulcherrime
793 3711 833 3776 de
855 3709 1010 3796 martyrio
1032 3707 1204 3782 disserens,
1227 3707 1262 3772 in

55 3791 107 3866 hoc
120 3809 229 3876 tamen
244 3833 308 3876 non
326 3810 519 3892 laudandus,
543 3814 629 3898 quod
649 3813 798 3891 animam,
821 3835 902 3898 quae
922 3813 1012 3900 prius
1033 3809 1214 3898 peccaverit
1227 3807 1262 3874 in

56 3899 111 3969 alla
129 3909 207 3994 vita,
227 3912 280 3978 hic
300 3913 370 4002 pati
392 3909 584 4002 supplicium
606 3915 701 3992 dieit3
731 3915 877 3980 electam
890 3915 1028 4003 quidem,
1049 3916 1087 3978 ut
1108 3912 1262 4000 puniatur

57 3996 217 4080 honorifice
242 4015 408 4103 martyrio,
435 4015 529 4081 aliam
558 4019 677 4096 autem,
707 4020 746 4082 ht
771 4013 880 4084 debito
907 4017 1065 4102 purgetur
1091 4013 1259 4102 supplicio.

59 4099 216 4184 Quomodo
231 4117 326 4196 enim,
343 4141 442 4208 quum
458 4119 602 4186 confiteri
617 4123 651 4186 et
664 4119 781 4208 puniri,
799 4121 857 4184 aut
871 4118 1064 4184 contrarium
1080 4115 1211 4202 eligere,
1227 4115 1262 4181 in

60 4213 160 4284 nostra
177 4222 343 4309 potestate
359 4221 458 4287 situm
484 4219 538 4298 sit,
565 4221 645 4286 illud
669 4245 780 4289 verum
808 4243 879 4288 esse
899 4219 1030 4308 potest?
1058 4218 1117 4285 Sin
1139 4241 1259 4296 verum,

61 4321 206 4394 quomodo
220 4323 255 4389 in
270 4323 365 4392 coelis
380 4323 544 4403 merochel
557 4327 732 4414 reponetur
746 4321 988 4414 gloriosissima,
1001 4322 1056 4412 qui
1071 4321 1261 4410 martyrium

63 4467 249 4498 N—

109 4581 132 4652 ¹)
147 4603 172 4654 l)-
183 4591 330 4662 ooo-,oua
