2972 5048
120 508 289 588 docuero
309 502 405 570 illam
424 501 534 573 Jociri
558 503 687 570 nomine
710 504 842 592 proprio
861 503 926 572 diei
949 502 1056 582 iubat,
1078 505 1218 594 patriam
1237 503 1341 575 eidem

117 605 513 696 coelesyriam-tribuens,
535 605 740 674 vehementer
757 606 890 676 labitur.
933 605 1018 672 Nam
1037 629 1137 698 quum
1152 605 1342 695 coelesyria

115 713 163 780 au
182 711 319 778 alterum
338 731 466 788 eorum,
494 731 576 800 quos
595 705 747 778 Clemens
770 709 806 774 in
826 707 957 797 Magna
972 707 1111 778 Graecia
1129 709 1245 785 habuit
1263 711 1340 778 reli-

120 814 226 902 gionis
245 811 443 880 christianae
467 813 654 900 magistros,
681 813 824 900 spectet,
846 813 953 878 totum
974 811 1080 878 locum
1100 813 1242 880 auctoris
1265 834 1340 900 per-

121 917 240 984 namn
285 915 389 998 Recte
401 917 511 982 autem
527 913 695 996 Baltus1),
717 916 897 980 ceterorum
913 935 1064 1006 quoqne,
1088 938 1169 1006 quos
1189 915 1339 995 audierit,

118 1019 260 1088 virorum
274 1017 418 1105 patriam
430 1041 452 1084 a
465 1015 635 1084 Clemente
653 1015 823 1092 nominari,
845 1016 1091 1102 animadvertit,
1112 1018 1214 1097 unde,
1240 1017 1336 1085 Joni-

114 1143 191 1190 cnm
204 1119 355 1188 hocloco
376 1120 475 1188 etiam
490 1109 674 1206 'significare
692 1117 832 1206 aliquem
845 1119 881 1184 in
891 1119 916 1186 J
917 1121 991 1186 onia
1005 1123 1134 1198 natum,
1158 1122 1203 1187 sit
1221 1143 1335 1188 conse-
1355 1153 1361 1160 ·

113 1245 231 1315 quens.
276 1221 348 1290 Neo
360 1245 447 1302 vero,
459 1222 494 1288 id
508 1222 596 1312 quod
608 1221 775 1291 Bruokero
789 1220 860 1288 lieri
873 1245 970 1310 posse
985 1210 1163 1307 uidetnr2),
1185 1224 1267 1290 illud
1281 1223 1339 1302 „in

112 1326 238 1396 aoniae
254 1326 305 1392 ita
317 1324 461 1412 intelligi·
473 1323 557 1402 volo,
572 1326 611 1390 ut
625 1321 772 1412 accipere
782 1324 881 1390 liceat
893 1347 967 1413 pro:
979 1325 1041 1402 ¹„in
1053 1324 1226 1406 Graecia,“
1240 1325 1340 1414 idque

111 1427 269 1496 Athenis.
312 1425 399 1516 Nam
413 1427 488 1506 etsi,
504 1425 590 1516 quod
605 1445 627 1490 a
641 1423 1005 1514 Steph'anoByaantino
1016 1427 1224 1498 observatum
1238 1430 1337 1510 esc).

114 1529 285 1610 „Graecos
296 1527 461 1600 interdum
476 1528 501 1596 J
502 1529 611 1596 onioos
626 1528 750 1606 vocari,
776 1550 814 1594 eo
835 1529 922 1618 quod
941 1553 982 1599 ex
996 1530 1097 1598 donia
1113 1531 1149 1605 in
1165 1529 1338 1596 Graeciam

112 1632 376 1710 descenderint&
401 1635 488 1700 recte
512 1653 583 1698 sese
608 1628 728 1696 habere
754 1631 946 1718 largiemur:
968 1632 1029 1700 hoc
1053 1633 1122 1700 loco
1141 1631 1228 1697 idem
1249 1631 1337 1696 haud
1432 1669 1440 1687 ι

113 1731 783 1832 quaquamvalereuelprnpterverborum
798 1733 1335 1822 erqur‘'lltlottoro’lorrrbr

112 1837 375 1906 coniunctionem
390 1837 628 1904 concedendum
644 1838 707 1902 est.
736 1834 942 1928 Quamquam
953 1858 1057 1927 neque
1071 1835 1217 1903 Graecus
1231 1835 1336 1904 Grae·

119 1963 176 2006 eos
182 1939 273 2022 aliter
286 1963 429 2032 unquam
442 1937 636 2028 appellabat,
653 1935 923 2028 quam‘'Ellqvo;‚
957 1939 997 2004 In
1008 1937 1033 2006 J
1033 1939 1107 2008 onia
1120 1931 1223 2028 igitur
1237 1943 1336 2010 natus

119 2043 240 2132 primus
254 2041 309 2108 ille
325 2037 504 2108 Clementis
520 2043 634 2108 doctor
649 2039 796 2132 quisnam
813 2039 899 2106 fuit?
940 2041 1019 2110 Fuit
1041 2040 1109 2110 sirie
1125 2043 1191 2110 ulla
1206 2045 1335 2118 contro,

115 2147 232 2213 versia
243 2145 450 2212 christianus.
489 2144 546 2210 Ad
563 2145 632 2210 hos
648 2145 744 2221 enim,
767 2163 848 2232 qnos
864 2140 1016 2211 Clemens
1033 2135 1335 2236 loool.eni1merat,

111 2249 265 2315 doctores
289 2245 427 2336 „prima
444 2269 526 2337 quae
540 2245 700 2324 didicerit,
715 2245 739 2310 li
756 2247 897 2311 terarum
913 2241 1096 2314 rudimenta
1110 2248 1246 2338 ipsaque
1260 2247 1333 2336 plri-

111 2349 282 2438 losophiae
298 2350 544 2437 syncretistieae
556 2348 770 2433 elementa“⁴)
785 2347 914 2425 referre,
930 2349 1075 2416 levitatis
1090 2353 1145 2416 est
1156 2349 1244 2417 haud
1259 2373 1335 2439 par-

109 2476 183 2522 vae.
231 2451 321 2535 Quid
341 2451 426 2520 enim
449 2452 493 2521 ab
518 2452 566 2522 eis
591 2451 767 2540 acceperit,
796 2451 928 2522 disertis
953 2451 1025 2540 ipse
1048 2451 1155 2520 verbis
1174 2451 1334 2544 declarat:

109 2567 276 2636 „veram
306 2554 466 2622 scilieet
491 2554 633 2620 beatae
660 2554 869 2622 doetrinae
895 2555 1229 2634 traditionem“⁵).
1275 2545 1335 2620 Sin

110 2660 202 2750 qnod
224 2657 303 2724 huic
322 2653 440 2725 Jonieo
461 2679 578 2723 nomen
600 2657 708 2736 fuerit,
732 2679 942 2746 quaeramus,
966 2677 1065 2746 quum
1086 2657 1257 2746 Philippus
1280 2655 1334 2722 Si·

109 2763 258 2850 detes⁶)‚
282 2759 374 2827 euius
390 2749 538 2850 quamvis
553 2759 671 2846 exigua
683 2759 729 2827 sit
741 2760 776 2824 in
795 2758 931 2826 historia
947 2759 1142 2838 auctoritas,
1165 2747 1275 2826 tamen
1293 2781 1335 2828 ne

108 2865 200 2933 fama
215 2863 347 2956 quidem
362 2885 504 2952 unquam
520 2861 589 2928 sine
611 2863 698 2928 omni
713 2864 765 2928 est
780 2861 928 2928 veritatis
944 2861 1174 2940 communione,
1191 2904 1232 2914 —
1254 2861 1333 2928 Phi-

109 2969 223 3060 lippus
239 2967 344 3054 igitur
356 2963 486 3038 Sidetes
504 2986 603 3052 quum
615 2965 872 3052 Athenagoram,
886 2963 1086 3052 praeclarum
1098 2963 1188 3036 illurn
1204 2965 1334 3032 christi·

113 3094 194 3139 anae
208 3068 382 3136 doctrinae
394 3065 607 3144 defensorem,
623 3061 804 3133 Clementis
817 3069 1060 3153 praeceptorem
1073 3067 1227 3143 nominet,
1243 3065 1333 3132 vide-
1452 3157 1454 3168 y

116 3197 217 3253 amns,
242 3170 323 3262 quid
335 3171 376 3236 de
390 3168 452 3236 hac
466 3169 650 3236 narratione
664 3166 881 3234 iudicandum.
925 3169 1039 3256 Atque
1056 3169 1169 3234 utrum
1183 3169 1333 3264 Athena-

110 3299 210 3366 goras
224 3270 370 3340 ‘Athenis
390 3271 488 3340 natus
512 3259 725 3352 sitneque,
750 3295 848 3361 quum
870 3269 943 3336 libri
965 3271 1034 3336 eius
1055 3271 1263 3360 Apologetici
1282 3272 1333 3358 in-

110 3377 295 3468 scriptio⁷),
311 3399 386 3468 qua,
403 3375 459 3465 qui
474 3374 785 3442 eumAtheniensem
800 3395 872 3440 esse
887 3374 1010 3452 dicunt,
1025 3374 1186 3456 nituntur,
1202 3377 1248 3442 sit
1261 3373 1334 3464 ipsa
1375 3462 1379 3466 .

111 3484 254 3560 ineerta,
271 3479 433 3567 disputari
447 3478 567 3567 potest.
610 3476 679 3544 Nec
694 3479 815 3555 tamen,
831 3476 877 3544 ibi
892 3500 965 3544 eum
980 3477 1177 3568 aliquamdiu
1193 3501 1333 3546 eommo-

107 3590 223 3656 ratum
238 3583 357 3658 luisse,
378 3578 565 3648 incredibile
588 3582 655 3658 est,
683 3579 749 3646 imo
764 3578 922 3668 probatur
939 3579 1001 3662 hoe
1021 3580 1152 3670 quidem
1169 3579 1277 3669 aliqua
1293 3602 1334 3646 ex

108 3690 209 3780 parte
225 3680 615 3772 virivirtutestudioque.
644 3679 863 3762 Quamobrem
875 3705 974 3772 quum
984 3705 1080 3770 porro
1091 3683 1332 3768 Athenagoras,
1373 3659 1377 3692 ¹

110 3814 179 3886 quo
200 3791 349 3881 tempore
371 3782 523 3852 Clemens
545 3784 732 3854 adolescens
754 3783 900 3852 discendi
924 3785 1102 3876 eupiditate
1122 3783 1272 3866 ardebat,
1295 3803 1334 3850 eo

169 4013 197 4084 ¹)
214 4013 319 4068 Defens-
331 4012 438 4064 Patrum
451 4011 482 4062 de
493 4009 650 4062 Platonismo
662 4014 845 4066 accusatorum.
858 4023 882 4074 p.
894 4007 954 4064 435.

166 4096 195 4168 ²)
211 4099 265 4154 lc.
278 4113 303 4165 p.
314 4098 374 4154 417.

169 4184 196 4254 ⁸)
212 4186 244 4238 In
251 4177 352 4242 Ἰωνία.
406 4244 410 4256 „
470 4224 475 4256 ί

171 4270 197 4336 ⁴)
214 4271 245 4322 ld
256 4270 398 4338 quoerant
409 4267 522 4320 Bruoker
534 4265 552 4317 l.
564 4277 587 4316 c.
598 4279 622 4331 p.
634 4263 694 4320 415.

172 4358 198 4423 ⁸)
216 4358 233 4410 l·
245 4373 268 4414 a
283 4349 342 4426 Τὴν
355 4349 447 4424 ἀληθῆ
459 4352 506 4422 τῆς
517 4351 656 4422 μακαρίας
728 4345 903 4410 διδασκαλίας
915 4335 1081 4418 quadrionae.

173 4443 197 4508 ⁸)
215 4443 327 4510 Philippi
338 4441 441 4493 Sidetas
448 4436 595 4505 ”fragmenta
607 4441 647 4492 od.
658 4437 693 4488 H.
706 4435 858 4488 Dodwellua.

176 4527 203 4592 'l
217 4519 408 4598 ἀθηααγόροα
421 4517 572 4593 Ἀθηναίου
594 4513 754 4592 φιλοσόφου
770 4516 928 4590 χριστιααοῦ
944 4511 1156 4585 mandatumst
1171 4511 1333 4584 procreantis

7 4619 8 4696 j
117 4612 212 4668 ant.
