2830 5052
539 325 760 423 ,crs

58 512 161 599 Quodsi
178 508 334 578 Olem'ens
348 511 468 600 partim
482 510 679 577 necessitate
688 509 839 597 quadam,
852 507 1022 594 quominus
1033 505 1246 594 pleneoumu-

56 619 172 702 lutoque,
199 636 286 700 quae
313 613 448 702 aceepit,
474 612 699 692 communicet,
726 611 926 701 prohibetur,
947 609 1067 699 purtim
1086 607 1245 683 consulto,

55 741 116 806 quac
128 716 234 806 possit
249 717 368 794 dicere,
383 717 481 782 tacet.
527 715 637 794 „Alia
655 716 758 780 —ita
778 715 863 780 enim
884 713 1002 802 pergit,
1022 751 1065 762 —-
1085 710 1149 776 alia
1169 732 1245 776 oon·
1334 773 1347 790 ,

57 821 120 886 sulto
132 818 371 908 praetermitto,
387 817 527 886 scienter
540 818 661 885 iaciens
676 817 846 894 delectum,
863 816 1002 882 scribere
1018 813 1146 900 quidem
1161 812 1245 880 ‚veri-

59 926 106 1000 tus,
121 945 197 1009 quae
217 920 274 987 vel
293 941 391 987 caveo
410 941 452 1014 ne
471 921 591 997 dicam3
614 911 744 984 uiinime
765 918 894 1004 quidem
913 917 1035 982 invidia
1054 918 1246 992 commotus,

59 1025 130 1109 (quod
142 1023 235 1090 nefas
262 1025 377 1110 esset)
400 1021 458 1088 sed
476 1045 519 1088 ne
539 1021 658 1108 ei,qui
676 1022 710 1094 iu
730 1042 769 1085 eu
791 1013 973 1096 inciderint,
993 1019 1027 1086 in
1048 1018 1143 1084 aliam
1163 1018 1246 1084 forte

55 1129 153 1211 partem
173 1121 400 1212 intelligentes
420 1123 583 1201 labantur,
604 1145 662 1190 nos
683 1129 758 1189 ve'ro
783 1145 903 1211 puero
923 1123 1113 1210 gladium,
1141 1123 1180 1186 ut
1198 1119 1246 1186 lo·

53 1231 170 1312 quuntur
185 1224 244 1314 qui
260 1215 440 1316 proverbiis
461 1227 511 1292 cti
527 1227 642 1305 solent,
664 1226 904 1314 praebentes
926 1226 1137 1294 inveniamur.
1180 1221 1246 1288 Ne-

54 1349 101 1415 que
113 1329 192 1394 enim
207 1329 284 1396 lieri
299 1331 420 1418 potest,
441 1329 529 1414 quin,
550 1351 633 1415 quae
654 1330 883 1418 scriptesunt,
904 1327 1052 1413 quamvis
1072 1347 1246 1392 smenon

53 1429 120 1495 edita
131 1431 326 1510 manserint,
343 1429 539 1518 (aliquando)
554 1432 734 1499 elabantur.
757 1431 918 1498 Revoluto
933 1434 1053 1506 autem,
1069 1451 1167 1514 quum
1182 1451 1249 1496 una

54 1551 155 1619 semper
168 1533 350 1620 eademque
364 1553 453 1611 voce,
469 1556 507 1599 ea
522 1535 661 1620 quidem,
677 1557 759 1620 quae
774 1536 897 1623 scripta
907 1536 969 1610 est,
984 1535 1130 1606 utantur,
1144 1531 1246 1596 inter·
1375 1525 1380 1544 ‘

54 1635 155 1718 roganti
173 1638 312 1724 praeter
338 1635 469 1723 scripta,
497 1636 578 1702 nihil
603 1638 780 1724 quidquam
805 1635 1011 1724 respondent
1055 1633 1246 1698 Necessario

53 1735 116 1800 enim
129 1759 257 1828 semper
273 1737 394 1804 auxilio
408 1733 517 1824 egent,
528 1739 585 1803 ivel
599 1740 679 1818 eius,
695 1741 751 1827 qui
767 1740 908 1828 scripsit,
930 1739 981 1804 vel
997 1737 1090 1815 aliur,
1111 1735 1167 1826 qui
1181 1735 1245 1802 cis-

56 1835 109 1902 don
115 1839 244 1907 insistit
258 1841 433 1928 vestigiis“
444 1843 487 1926 Ι).
525 1841 598 1908 Hoc
613 1846 723 1910 eutem
740 1844 914 1926 silentium,
931 1842 1017 1932 quod
1031 1839 1162 1904 minime
1176 1837 1253 1926 fieri

60 1934 146 2008 invidis
169 1944 344 2020 affirmat,
364 1943 428 2007 inm
454 1946 551 2009 antea
575 1945 746 2012 defendere
771 1941 908 2012 studuit.
954 1944 1134 2031 Postquam
1161 1941 1245 2008 enim
1322 1967 1338 1987 =·

63 2039 185 2110 scribendi
206 2045 264 2112 ius
281 2044 343 2110 sibi
369 2041 604 2133 quodammodo
629 2047 817 2125 vindicavit,
840 2051 876 2113 et
903 2047 951 2112 ite
976 2045 1116 2135 quidem,
1141 2047 1246 2110 utne

58 2137 164 2212 Sabbati
185 2149 319 2237 quidem
340 2150 485 2236 tempore
506 2150 547 2216 ab
567 2151 627 2216 hoc
647 2149 783 2216 docendi
803 2149 1017 2238 audiendique
1037 2149 1121 2213 bono
1140 2145 1245 2212 absti-

54 2245 165 2312 nendum
187 2249 245 2328 sit,
267 2249 452 2318 auditorum
472 2254 582 2318 tamen
608 2273 776 2318 numerum
802 2252 948 2318 terminis
968 2249 1161 2340 quibusdam
1182 2249 1243 2314 oir-

51 2348 224 2428 urmsoribit,
247 2354 287 2418 ut
307 2353 363 2442 qui
378 2375 438 2442 ⁴eos
460 2353 577 2419 divinis
599 2357 763 2442 mysteriis
790 2357 966 2444 sanctaque
986 2353 1057 2418 luce
1077 2351 1244 2418 donandos

51 2463 104 2510 esse
116 2447 210 2530 dicat,
227 2455 286 2542 qui
301 2475 339 2520 ea
353 2457 482 2543 possint
496 2479 619 2546 capere.
663 2455 759 2535 „Non
780 2457 883 2544 igitur
900 2455 1055 2534 multis,
1077 2479 1173 2542 porro
1193 2455 1243 2522 in-

49 2546 111 2632 tuli,
130 2557 261 2641 aperuit
281 2579 431 2646 eaquae
454 2559 630 2626 multorum
650 2583 714 2626 non
734 2561 837 2636 erant,
867 2561 924 2626 sed
943 2559 1102 2648 paucis,
1125 2558 1243 2648 quibus

49 2665 77 2709 et
88 2655 251 2723 convenire
266 2659 401 2746 sciebat,
417 2662 473 2750 qui
493 2661 623 2750 quidem
644 2685 682 2728 ea
703 2685 801 2750 quum
823 2663 987 2750 percipere
1007 2665 1153 2749 possent,
1173 2664 1243 2728 tum

48 2748 123 2820 adea
136 2760 340 2831 conformari.
387 2761 513 2844 Quodsi
534 2764 618 2832 forto
638 2768 799 2855 quispiam
821 2767 954 2834 dixerit:
978 2765 1088 2831 Nihil
1111 2765 1243 2832 oucul-

48 2851 124 2934 ium‚
150 2862 256 2951 quod
281 2886 371 2950 non¹
390 2867 736 2947 manifestabitur,
769 2869 872 2935 nihil
904 2856 1243 2956 0'pertum,›quod

47 2973 104 3066 nim
122 2964 387 3032 revelabitur:
411 2969 524 3034 audiat
538 2970 589 3036 bio
604 2993 623 3034 a
638 2971 732 3045 nobis
748 2994 885 3060 quoque,
907 2971 947 3047 ei,
968 2971 1025 3059 qui
1044 2971 1169 3038 occulte
1183 2993 1242 3036 eu-

47 3052 108 3136 dut,
122 3067 285 3134 occultum
299 3067 368 3134 iore
382 3073 421 3136 ut
436 3069 643 3138 manifestum
658 3073 728 3151 fiat,
744 3079 779 3140 et
793 3075 848 3162 qui
858 3073 987 3140 silentio
999 3073 1121 3138 tradita
1136 3073 1243 3159 possit

47 3175 164 3246 serrare,
180 3172 212 3235 ei
227 3192 370 3260 quoque,
387 3174 472 3262 quod
487 3177 647 3261 opertum,
667 3175 702 3240 id
721 3175 761 3242 iri
778 3179 937 3264 apertum,
958 3179 996 3242 ut
1010 3174 1130 3248 veritas
1144 3177 1179 3240 et
1193 3194 1242 3252 eu,

47 3277 112 3345 quae
129 3271 242 3339 multis
265 3277 344 3340 sunt
370 3276 499 3342 occulta
523 3277 605 3344 fiant
623 3279 797 3346 manifesta
819 3278 946 3367 paucis.
986 3278 1072 3345 Nam
1096 3299 1153 3344 our
1177 3299 1242 3346 nou

46 3379 136 3434 omues
161 3376 271 3442 sciunt
289 3377 461 3444 veritatem
483 3380 526 3459 (si
546 3381 755 3469 quaesieris)=
778 3405 836 3448 cur
855 3405 920 3450 non
946 3384 1055 3449 amate
1079 3381 1242 3473 (equidem

47 3481 192 3560 quaeram)
205 3475 344 3557 iustitia,
361 3479 389 3546 si
402 3481 531 3570 iustitia
545 3484 710 3550 omnium“
720 3493 732 3526 ²
741 3486 771 3564 y?

62 3570 205 3683 ..Itaque
226 3579 378 3680 Clemens
399 3583 461 3650 sibi
482 3586 651 3673 proponit,
678 3587 770 3653 utin
791 3587 968 3657 Strornatis
994 3585 1202 3655 traditionem
1220 3611 1243 3654 a

48 3684 108 3736 lfflt
121 3675 320 3766 Apostoliois
334 3685 485 3772 religiose
498 3689 653 3777 s'oriptem
665 3690 837 3780 relinquat,
851 3715 911 3760 neo
922 3711 999 3760 vero
1010 3693 1126 3768 totam,
1142 3711 1243 3778 quum

47 3776 153 3850 purtem
165 3785 319 3852 memoria
332 3811 398 3856 non
411 3789 566 3868 tenuerit,
582 3794 707 3879 partem
725 3794 771 3858 sit
788 3795 960 3882 taciturus.
1005 3793 1051 3860 Et
1069 3792 1149 3860 haec
1166 3791 1238 3880 qui-

47 3866 315 3992 de111·pors,quum
336 3889 408 3956 vult
426 3893 545 3971 tacere,
567 3898 621 3959 est
640 3896 877 3982 mysteriorum.
923 3897 1017 3979 Quae
1039 3898 1148 3965 autem
1167 3919 1240 3982 my·

49 3972 206 4054 lieusnon
222 3990 269 4054 sit
280 3990 474 4070 traditurus,
489 3994 571 4082 ipse,
592 3997 670 4086 quin
690 3997 764 4086 ipsa
778 4000 906 4087 prodat,
921 3999 1036 4088 nequit
1049 3998 1165 4077 dicere,
1180 4021 1240 4068 uos

48 4090 105 4145 vero
117 4082 202 4156 hund
213 4093 319 4179 magis
334 4117 511 4182 possumus
526 4099 637 4164 eadem
653 4102 784 4190 assequi
799 4104 993 4170 coniectura.
1046 4101 1113 4169 Sed
1126 4125 1239 4175 nume-

50 4193 106 4290 ltm
117 4209 222 4260 eorum
237 4215 302 4260 non
316 4197 385 4264 tam
399 4221 553 4285 magnum
569 4223 641 4270 osse
656 4203 731 4272 inde
745 4205 874 4292 colligo,
896 4205 982 4294 quod
997 4204 1095 4271 etiam
1115 4207 1239 4292 myste-

50 4293 148 4358 norum
170 4295 398 4366 tradendorum
428 4301 587 4372 rationem
612 4305 729 4376 habere
754 4306 816 4376 sibi
846 4306 974 4374 videtur
1002 4329 1068 4376 non
1092 4309 1240 4392 vetitam.

52 4413 226 4462 *⁵*—

91 4503 111 4571 1)
126 4509 228 4576 leuem,

92 4591 113 4657 ²)
127 4614 149 4666 l>-
160 4605 220 4662 tlt.
233 4607 338 4662 dimidio
350 4607 393 4684 alt
