2830 5052
540 349 742 458 L

181 633 262 718 Quo
275 633 436 704 vinculo
452 634 660 706 stromate
678 638 817 706 iuncta
832 637 915 706 sint
932 638 1039 706 inter
1054 662 1104 708 se.

110 736 176 806 lam
194 759 268 806 vero
286 737 348 806 huo
367 738 557 826 disputandi
571 741 629 807 uia
650 741 792 828 cognita,
811 741 915 830 legem
935 765 974 809 oe
992 741 1165 820 vinculum,
1181 763 1246 829 que

69 838 203 906 Stronotu
221 843 378 928 tanquam
398 860 480 929 opus
501 843 641 911 unicum.
655 843 871 922 eontinentur,
897 843 1037 932 reperire
1061 865 1246 933 possumus.

69 939 294 1032 Protreptic'o
316 943 420 1032 igitur
443 965 542 1029 quum
563 943 763 1012 Graecorum
786 968 915 1032 unaque
938 947 1079 1014 omnium
1099 949 1246 1034 'gentium

69 1042 102 1108 dai
111 1065 173 1112 cnm
185 1045 365 1112 daemoniis
373 1047 414 1112 et
428 1045 609 1115 rimaberis
625 1049 750 1137 explosi
760 1045 853 1128 bunt,
873 1051 944 1116 tum
959 1049 1106 1116 auditum
1121 1055 1176 1120 est
1186 1073 1246 1121 uo·

67 1165 118 1212 run
131 1148 288 1220 condemn
298 1148 391 1227 illud,
406 1149 493 1234 quud
504 1150 655 1218 omnibns
670 1133 834 1216 doloribus
854 1153 889 1216 et
902 1151 1023 1218 morbis
1036 1153 1157 1220 mederi
1171 1157 1247 1242 pot-

63 1249 106 1326 est,
119 1253 151 1316 ut
163 1245 281 1318 Graeci
301 1273 366 1318 uon
386 1249 526 1340 possint,
547 1253 625 1339 quin
644 1253 740 1320 buius
759 1253 960 1322 dnlcedinem
975 1255 1153 1323 sentientes
1169 1253 1246 1324 Gle-

61 1351 173 1416 neutem
192 1353 377 1443 adspiciunt
397 1353 498 1444 eique
510 1355 688 1444 proebeant
711 1377 806 1422 eures
826 1353 1051 1423 libentissime.
1093 1338 1274 1446 Pterel,

61 1471 138 1538 gogo
151 1453 262 1524 deinde
276 1456 361 1524 oculi
376 1460 657 1536 condemnantes
672 1458 907 1548 quodaminodo
925 1462 1117 1546 purgantur.
1160 1461 1245 1529 Nam

61 1552 171 1624 divinam
181 1559 273 1646 Legi.
281 1558 486 1628 maiestatem
500 1561 619 1639 videre,
632 1560 749 1626 cantici
762 1561 832 1628 eius
847 1549 1049 1629 doloednem
1064 1562 1176 1629 audire
1189 1568 1250 1630 tow

61 1657 163 1746 lemque
175 1662 298 1730 sentire
311 1683 407 1728 nemo
420 1665 541 1752 potest.
556 1663 635 1749 quin
654 1663 756 1750 prius,
776 1665 816 1730 ut
833 1664 882 1730 ita
895 1665 1011 1742 dicam,
1026 1663 1110 1730 oculi
1124 1666 1193 1732 eius
1209 1671 1245 1736 et

61 1778 131 1826 aures
143 1785 161 1828 e
173 1763 307 1852 pulvere
315 1763 417 1832 ,buius
432 1763 544 1832 mundi
556 1764 724 1854 ipsiusque
739 1765 828 1833 vitae
838 1769 1041 1856 purgentur„
1059 1765 1126 1834 Sed
1140 1768 1244 1836 disere

62 1859 94 1926 tis
104 1859 201 1952 loquor
215 1863 336 1935 verbis.
378 1866 594 1955 Paedugogus
608 1868 650 1935 sb
664 1867 726 1947 his3
742 1889 824 1955 quae
838 1869 1010 1948 ceruimus,
1025 1869 1170 1940 homines
1185 1873 1243 1940 ab·

66 1960 131 2032 duxit
140 1969 178 2035 ad
191 1991 231 2036 ea
245 1969 420 2048 deducens,
435 1992 518 2056 quae
539 1970 600 2038 snb
615 1971 833 2038 sensus'uullo
853 1972 949 2038 modo
968 1972 1099 2053 eadunt,
1114 1977 1156 2042 ad
1170 1999 1244 2044 eoe-
1269 2015 1273 2032 ›

67 2060 142 2148 lestb3
166 2071 272 2140 vitam
291 2074 420 2159 turpem
445 2071 580 2160 depulit,
603 2073 760 2139 honestae
782 2097 928 2140 normam
949 2075 1125 2164 praecepit,
1146 2100 1244 2164 quam

63 2173 174 2240 noes
192 2176 236 2242 ed
256 2173 414 2260 mysteria
434 2167 631 2242 christianae
650 2174 815 2242 doetrinae
839 2177 1050 2264 intelligenda
1068 2202 1243 2268 praepara-

60 2287 118 2338 mur.
145 2275 350 2345 stromata
363 2279 471 2344 autem
487 2281 697 2367 praeparatos
713 2277 923 2366 suscipientia
938 2278 1095 2360 docent,
1112 2283 1170 2348 sed
1183 2283 1242 2364 ita,
1357 2323 1359 2334 ·

58 2373 86 2435 ui
94 2380 358 2467 praeparationem
373 2403 501 2468 qnoque
515 2381 684 2470 paullatim
697 2372 878 2470 perficient.
912 2381 1133 2465 Quamobrem
1146 2407 1243 2474 ergu-

57 2477 141 2544 nnn
151 2480 349 2571 Protreptici
370 2485 404 2550 et
422 2483 610 2572 Puedugogi
630 2483 753 2572 possim
773 2485 911 2552 redeunt
929 2485 964 2552 in
977 2485 1242 2574 disputationem.
1365 2505 1369 2514 '

55 2569 109 2644 Non
126 2587 233 2670 potest
256 2584 409 2652 Clemens
431 2587 545 2652 statim
567 2589 722 2674 dogmata
743 2588 914 2676 explicere,
937 2590 1046 2676 „quod
1067 2589 1243 2680 Hebraei
1369 2653 1377 2674 s

55 2676 374 2778 signipotentes,
400 2683 546 2755 Graeci
575 2689 816 2776 sapientiam
845 2695 1080 2778 quaerentes
1110 2695 1243 2780 utrique

53 2797 176 2856 arcanam
201 2812 299 2858 verae
322 2789 542 2878 philqsopbiee
567 2793 724 2858 rationem
749 2794 892 2860 nondum
916 2794 1059 2860 ferunt“
1101 2795 1243 2882 Utrique
1273 2839 1277 2852 «

51 2877 140 2968 igliur,
155 2891 209 2979 qui
224 2895 398 2961 veritatem
413 2893 544 2982 penitus
560 2895 853 2982 percipiant,.hand
868 2895 949 2962 satis
963 2895 1087 2973 idonei3
1109 2900 1149 2962 ut
1161 2898 1244 2966 fient

51 2979 144 3072 idonei,
159 2995 358 3064 enitendum.
379 2995 544 3062 Enitimur
559 2999 679 3074 autern,
694 3001 733 3062 ut
746 2996 807 3064 hcc
821 2996 1009 3074 efficiemus,
1021 2997 1049 3064 si
1060 3019 1134 3064 eum
1141 2997 1243 3066 Gree-

50 3085 85 3153 eis
102 3095 225 3180 quidem
246 3097 521 3189 philosophemur.
563 3097 657 3166 Inest
674 3097 759 3164 euim
783 3097 926 3164 inomni
944 3099 1072 3166 homine
1092 3101 1242 3170 veritatis
1378 3113 1386 3118 '

50 3197 224 3288 ουναίοθησις
240 3202 410 3289 quaedam,
427 3208 511 3289 quae
522 3199 776 3288 philosophando
791 3200 969 3268 exercitate
982 3203 1131 3272 veritatis
1144 3205 1243 3296 intel-

48 3285 174 3378 ligendee
188 3305 254 3371 sim
269 3305 417 3372 idoneam
431 3307 575 3392 generet.
612 3303 729 3388 Itaque
747 3301 927 3392 inprime
943 3303 1145 3374 Strumatum
1158 3306 1243 3374 libro

49 3395 151 3482 datin,
166 3429 250 3493 quae
264 3406 310 3472 sit
323 3401 546 3495 philosophiae
559 3405 621 3483 ris,
636 3407 809 3494 exponitur
829 3410 954 3474 stante
968 3411 1003 3474 et
1016 3412 1094 3498 post
1107 3409 1243 3476 Domini

49 3495 213 3591 adrentum,
235 3507 405 3596 qualisque
428 3509 616 3576 dialecticae
641 3529 721 3576 usus
745 3512 854 3596 atque*
869 3509 1007 3578 utilitas.
1050 3511 1135 3598 Tum
1154 3533 1241 3591 vero,

48 3616 112 3682 quae
130 3631 149 3676 a
168 3609 370 3702 philosophis
397 3615 484 3679 recte
509 3610 639 3702 decreta
665 3614 752 3690 sunt,
778 3611 1013 3692 examinentur,
1035 3637 1099 3702 quo
1119 3615 1239 3682 veritus

47 3719 136 3778 eorum
149 3716 317 3784 referenda
338 3715 392 3794 sit,
407 3713 527 3804 partim
542 3713 671 3800 quidem
684 3715 727 3780 ad
740 3715 845 3804 ipsius
859 3719 995 3813 helprae
1009 3716 1167 3783 humanae
1181 3715 1240 3783 bo-

47 3804 163 3882 nitatem
182 3819 225 3886 ad
244 3839 356 3886 verum
375 3815 601 3884 inveniendum
629 3815 864 3902 quodammodo
888 3817 1046 3896 idoneam,
1069 3821 1241 3907 plurimam

47 3910 137 3996 aulem
155 3923 282 4008 partem
302 3917 345 3988 ad
365 3917 428 3987 SS.
443 3917 666 3986 Hebraeorum
683 3915 881 4007 Scriptores,
903 3919 988 3987 uude
1004 3919 1123 3989 Graeci
1141 3921 1242 3988 iurati

48 4005 101 4079 lint
112 4021 241 4108 optima.
284 4023 412 4090 Deinde
432 4022 535 4088 altero
548 4019 631 4088 libro
646 4021 764 4108 pergit,
781 4019 888 4108 qualia
902 4025 936 4086 et
949 4027 1072 4108 quanta
1087 4021 1206 4104 Graeci
1221 4047 1242 4092 a

47 4102 145 4202 Moyse
159 4127 194 4193 et
208 4125 382 4216 Prophetis
396 4124 538 4192 mutuati
561 4124 638 4202 sint,
661 4123 841 4204 ostendere,
865 4125 923 4190 sed
934 4125 992 4204 ita,
1007 4128 1047 4192 ut
1060 4125 1184 4194 animos
1200 4127 1243 4194 ad

47 4217 197 4294 venerem
211 4229 341 4318 plenam
354 4227 488 4320 propius
504 4227 655 4294 adducat.
703 4225 852 4294 Veritate
866 4225 967 4314 igitur
981 4227 1126 4294 homines
1141 4229 1256 4318 potiri'

47 4319 172 4398 ⁰⁸lendit
184 4331 257 4412 fide,
274 4341 338 4420 qut
353 4330 492 4420 cognitis
507 4325 607 4398 libere
622 4327 854 4407 assentiantur,
871 4351 967 4416 quam
984 4337 1137 4419 sequatur
1154 4351 1240 4420 spes,

49 4423 79 4482 ul
89 4419 235 4503 bonorum
251 4435 464 4524 exspectatio,
479 4433 617 4500 caritate
631 4435 785 4499 nascente
800 4455 925 4499 corona.
965 4431 1093 4516 Quibus
1108 4433 1243 4523 pulchra

48 4517 185 4606 virtutum
197 4535 373 4606 multitudo
388 4534 533 4607 admixta
548 4535 603 4616 sit,
618 4535 710 4604 cuius
724 4531 851 4602 lructrrs
866 4536 1044 4602 communis
1059 4535 1177 4604 evadat
1190 4533 1243 4602 dei
1266 4589 1272 4602 ,

50 4616 212 4710 limititudo.
242 4639 373 4728 Quodsi
386 4639 448 4710 bec
459 4637 544 4742 libre
558 4635 714 4708 Clemens
725 4637 808 4707 mira
821 4637 960 4728 quadam
977 4638 1149 4800 snpientia,
1164 4635 1243 4714 doru
