2820 5052
583 320 652 386 -ao1
763 301 766 306 '

519 409 720 422 *nn-.-

11 495 12 510 ’
51 505 182 598 prnbolls
195 505 465 602 praedicaverant.
510 505 576 578 Sed
590 506 689 575 habet
707 505 806 574 etiam
826 525 903 574 suas
921 501 1077 593 quasdam
1098 499 1226 593 propri·

51 613 130 678 ables
141 632 237 678 sermo
249 609 430 687 Hebraeus,
443 607 673 678 sicutaliarum
685 630 813 696 quoquc
828 608 974 696 gentium
992 607 1224 694 unusquisque.

52 713 150 796 Quibus
161 711 277 781 Graeci
290 715 379 780 certo
393 713 533 780 utuntur
552 714 587 778 et
605 714 645 780 ut
658 711 845 800 prophetias
854 715 985 778 nostras
1000 710 1178 786 imitentur,
1193 709 1228 774 et

50 801 221 886 adorationis
233 817 391 883 ornatum.
419 813 595 903 Prophetia
605 812 718 882 horum
732 815 883 900 neutram
897 813 1041 902 respicit.
1072 811 1137 878 Sed
1151 809 1228 900 quia

51 941 93 986 non
105 920 235 989 omniurn
251 920 303 984 est
317 915 449 994 veritas,
469 915 580 984 multis
595 916 699 984 modis
714 915 906 993 occultatur,
932 919 971 982 ut
991 915 1068 982 solis
1088 912 1226 980 initiatis

53 1021 295 1108 adagnitionem
320 1010 554 1105 veritatemque
579 1021 712 1107 propter
731 1017 899 1084 caritatem
921 1017 1151 1104 quaerentibus
1170 1014 1227 1094 lux

54 1123 187 1192 uenator.
213 1122 346 1192 Dicitur
360 1123 469 1190 autern
484 1145 504 1186 a
517 1120 655 1188 barbara
669 1119 872 1208 philosophia
885 1120 1073 1209 prophetiae
1088 1117 1225 1208 species:

50 1225 285 1316 proverbium,
323 1222 529 1312 parabola,
565 1222 764 1310 aenigma3
787 1221 845 1290 scd
874 1221 972 1288 stiam
1008 1221 1227 1311 sapientia,

48 1327 247 1418 disciplina,
278 1348 477 1396 sermones
507 1323 761 1414 prudentiae,
790 1325 981 1414 strophae
1005 1323 1228 1402 verborum,

47 1429 305 1510 rrraiustitia,
324 1427 473 1496 doctrina
493 1425 698 1516 dirigendi
721 1426 927 1507 iudicium,
955 1427 1112 1495 astutia
1132 1427 1228 1494 sim·

47 1531 208 1619 plicibus,
246 1553 383 1600 sensus
412 1533 454 1598 et
485 1529 777 1618 intelligentia.
826 1528 905 1613 Qui
933 1530 1002 1598 hos
1031 1533 1156 1608 autem,
1182 1529 1230 1596 ait

46 1631 201 1724 Scriptura,
223 1633 391 1702 'audivit
418 1631 660 1723 Prophetas,
691 1631 851 1721 sapiens
881 1634 961 1700 erit
987 1631 1227 1721 sapientior,

46 1736 354 1822 gubernationem,
373 1737 504 1805 autem
525 1734 754 1825 possidebit
779 1735 1031 1825 intelligens,
1054 1738 1089 1802 et
1106 1733 1230 1801 intel·

45 1837 120 1924 liget
138 1837 371 1928 parabolam
394 1839 436 1906 ot
459 1835 667 1904 obscuram
690 1838 914 1907 orationem
939 1840 979 1905 ot
1005 1838 1229 1927 sapientum

45 1938 431 2028 lictaetaenigmata
473 1938 952 2030 HincergoGraeciquorum
969 1941 1099 2008 dialecti
1117 1941 1230 2028 lingua
1329 1943 1336 1974 ⁸

44 2040 168 2136 Hebraea
180 2043 287 2114 multo
302 2045 381 2110 sunt
393 2043 602 2130 posteriores,
618 2043 735 2134 siquid
748 2043 870 2110 habent
881 2043 994 2123 simile,
1011 2044 1229 2133 sumpserunt.

44 2140 93 2212 llos
105 2165 177 2216 vero
190 2145 268 2214 inde
281 2145 431 2212 veritalis
445 2144 591 2232 regulam
607 2148 643 2214 et
655 2146 837 2234 gnosticam
852 2146 981 2214 vivendi
999 2146 1157 2213 rationem
1178 2167 1229 2212 se·

43 2243 97 2314 dulc
109 2249 141 2314 et
153 2247 329 2343 artificiose
347 2247 580 2315 exhibebimus.

88 2349 134 2418 lix
146 2352 290 2420 Hermae
310 2350 413 2440 igitur
432 2350 593 2439 exemplo,
623 2351 679 2441 qui
698 2351 826 2418 litteras
848 2350 993 2439 singulas
1013 2349 1087 2416 libri
1105 2347 1231 2438 accepti

43 2447 171 2524 divinitus
186 2453 408 2541 intelligebat,
432 2473 494 2522 neo
516 2475 592 2522 vero
613 2453 771 2541 syllabas,
798 2447 871 2522 esse
884 2453 1006 2522 nudam
1021 2452 1182 2540 quandam
1197 2453 1232 2520 et
1316 2513 1322 2518 .

42 2547 137 2624 alaram
163 2556 316 2625 omnibus
346 2556 587 2645 Scripturaruni
605 2557 854 2644 intelligentiam
879 2557 1045 2624 discimus.
1087 2555 1135 2622 nt
1153 2553 1233 2620 haeo

42 2656 146 2744 quidem
167 2659 211 2728 ad
225 2659 456 2728 elementorum
471 2659 567 2728 iidem
581 2659 734 2748 pertinet.
779 2659 985 2749 Syllabarum
1006 2660 1116 2745 autem
1134 2655 1231 2724 intel·

41 2753 152 2844 ligantis
170 2761 356 2850 gnosticam
380 2761 545 2847 significat
558 2763 814 2851 explicationem.
857 2762 980 2830 Iesaias
1003 2781 1131 2852 quoquo
1150 2781 1232 2826 non·
1333 2811 1342 2827 .

40 2861 108 2930 nulla
121 2865 256 2954 scripsit
268 2865 381 2956 paucis
395 2867 466 2930 tum
481 2865 637 2953 temporis
652 2865 868 2954 percipienda.
912 2863 1023 2947 Quum
1033 2867 1142 2930 autem
1155 2861 1233 2928 Ser·

41 2965 113 3032 vator
129 2967 277 3036 docuerit
295 2966 488 3056 Apostolos,
514 2967 655 3056 scriptas
673 2967 858 3034 traditionis
872 2966 1007 3034 madido
1025 2987 1091 3032 non
1111 2963 1234 3052 scripta

40 3065 112 3136 robis
126 3092 255 3164 qnoque
268 3070 421 3148 traditur,
442 3092 525 3158 quae
538 3069 631 3138 noris
646 3068 797 3138 cordibus
818 3068 994 3136 secundum
1008 3089 1127 3134 norum
1141 3065 1231 3133 illum

40 3164 136 3238 librum
159 3175 213 3242 dei
235 3173 384 3263 potentia
404 3172 602 3240 inscribitur.
650 3171 759 3240 Sensu
783 3171 886 3259 igitur
907 3170 1148 3260 scripturarum
1167 3190 1233 3236 non

40 3271 165 3362 simplici,
176 3277 276 3348 Iesus
282 3275 368 3341 filius
380 3273 470 3342 Nave
477 3276 635 3363 Moysem,
647 3274 724 3340 dum
736 3273 924 3353 assumitur,
935 3273 1095 3362 duplicem
1106 3293 1233 3362 quoquo
1251 3261 1256 3269 ’

40 3372 112 3454 vidit.
125 3401 226 3448 unum
240 3393 316 3444 cum
329 3375 484 3464 Angelis,
505 3378 642 3446 alterum
658 3399 756 3466 supra
770 3379 919 3456 montes,
942 3375 998 3467 qui
1012 3375 1131 3462 dignus
1151 3377 1233 3452 erat,

39 3477 78 3542 rui
89 3479 173 3560 iusta
186 3482 304 3550 fierent
318 3479 353 3546 in
368 3480 578 3548 convallibus.
606 3480 701 3548 Vidit
709 3482 819 3548 autem
831 3478 1051 3567 spectaculum
1064 3475 1145 3544 illud
1159 3499 1232 3544 cum

40 3572 160 3663 Chaleb;
180 3605 242 3654 neo
262 3603 339 3652 vero
353 3579 449 3648 ambo
464 3583 623 3650 similiter.
669 3577 778 3650 Citius
794 3581 962 3650 descendit
979 3578 1114 3662 Chaleb,
1134 3579 1235 3646 nimia

38 3684 114 3766 quasi
138 3686 313 3778 depressus
338 3683 501 3771 graviMe
507 3710 516 3764 3
542 3685 598 3752 ille
618 3688 728 3754 autem
748 3708 847 3775 quum
867 3687 983 3773 postea
1002 3681 1234 3762 descendisset,

38 3779 165 3868 gloriam,
180 3811 278 3882 quam
290 3790 363 3856 erat
375 3787 613 3876 contemplatus
629 3787 787 3864 narravit,
802 3786 938 3882 historia
948 3787 1032 3874 ipsa,
1047 3785 1153 3862 credo,
1169 3806 1234 3852 non

37 3887 161 3958 nmmum
171 3913 246 3960 esse
257 3889 485 3978 cognitionem,
496 3890 669 3958 indicante.
691 3890 775 3956 Nam
788 3889 843 3956 alii
854 3889 982 3980 quidem
991 3887 1233 3976 scripturarum

38 4002 148 4076 torpua,
159 3991 292 4082 perinde
301 3995 521 4082 atqueoorpus
528 3991 667 4079 Moysis,
683 3994 804 4069 videat,
819 3991 841 4062 i.
849 4013 876 4058 e.
882 3991 1040 4058 dictiones
1046 3979 1233 4069 etnomina3
1293 3991 1297 3998 “

36 4086 90 4168 alii,
104 4092 261 4182 Moysem,
284 4094 339 4185 qui
353 4097 407 4162 est
420 4116 493 4162 cum
508 4094 805 4182 angeliacensis
818 4094 1036 4183 inquirentes,
1053 4082 1232 4160 sententias

36 4192 435 4286 etsignideatanominihus
445 4195 623 4284 pervident
644 4194 744 4262 Certe
754 4197 853 4264 etiam
862 4219 982 4274 eorum,
995 4196 1050 4286 qui
1056 4194 1234 4262 Dominum

36 4285 224 4380 invocabant,
249 4299 344 4366 multi
364 4298 493 4390 quidem
509 4289 708 4364 clamabant:
745 4298 826 4364 Fili
847 4298 990 4365 Davidl
1013 4295 1110 4386 pauci
1124 4299 1234 4364 autem

37 4409 98 4462 tum
110 4397 206 4468 Patre
219 4402 339 4469 Filium
354 4401 416 4467 dei
431 4403 644 4489 agnoverunt,
667 4400 722 4490 qui
736 4403 872 4488 paterna
891 4401 1039 4488 potentia
1058 4400 1092 4468 id
1113 4421 1233 4488 cogno-

38 4511 113 4564 scere
133 4506 318 4592 potuerunt.
362 4502 644 4588 Quemadmodum
657 4507 767 4572 autem
781 4502 925 4570 Hebraei
938 4503 1075 4592 gloriam
1094 4500 1234 4589 Moysis,

38 4597 66 4662 et
83 4603 183 4674 sancti
198 4605 305 4696 Israel
324 4605 525 4696 Angelorum
546 4605 687 4676 visiones
712 4606 800 4676 baud
821 4606 934 4692 statim
950 4605 1033 4676 ierne
1047 4605 1234 4696 potuerant,
