2830 5052
550 335 753 440 Α
835 407 839 414 ,

70 523 186 592 rirtutes
199 523 371 590 imitandas
387 483 550 611 pioponia
592 523 690 590 Unde
703 521 809 592 Stoici
820 523 971 601 naturae,
981 521 1001 590 i.
1016 523 1046 588 e‘.
1060 522 1258 612 exipsorum
1295 563 1301 577 =

70 626 208 693 sententia
221 626 280 692 deo
295 624 520 692 convenienter
533 624 640 694 vivere
653 625 750 692 finem
764 639 837 692 esse
853 626 1050 692 statuerunt.

116 743 175 809 Est
187 747 294 810 autem
307 743 467 810 amicitiae
482 765 585 830 genus
600 741 733 830 triplexr
748 743 1077 829 praestantissimum,
1091 743 1178 830 quod
1191 744 1258 809 vir-

67 847 123 912 tute
140 845 333 926 conciliatur,
355 845 586 934 philosophi
611 849 679 922 est3
708 844 845 910 alterum
865 845 1122 912 remuneratione
1141 845 1259 914 nititur

69 951 145 1014 etest
157 947 257 1014 homi
266 947 328 1013 nis
343 947 403 1012 hoc
414 947 541 1032 quidem
550 969 558 1025 3
567 947 707 1012 tertium
719 947 962 1026 consuetudine,
975 947 1061 1033 quod
1075 947 1258 1016 animalis

71 1053 111 1115 est.
137 1048 243 1132 Quum
258 1039 396 1115 hominis
411 1049 514 1136 igitur
524 1049 660 1116 alterum
673 1047 834 1115 amicitiae
844 1069 947 1136 genus
964 1052 1019 1127 sit,
1038 1069 1151 1116 revere
1163 1051 1259 1118 deum

68 1151 163 1218 inituri
177 1152 298 1218 dieitur
308 1156 351 1218 ut
360 1137 460 1218 homo
473 1150 687 1221 benefaciens.
718 1151 758 1216 Id
771 1154 882 1227 tamen
896 1152 931 1217 in
945 1151 1006 1218 hao
1019 1173 1055 1218 re
1065 1153 1181 1220 mirum
1195 1158 1258 1234 est,

67 1255 131 1339 quod
151 1255 224 1342 ipse
251 1254 455 1321 benefaciens
480 1253 635 1322 beneficio
664 1251 820 1331 attritum
848 1272 924 1320 nam
945 1253 1032 1320 siout
1049 1253 1258 1340 gubernator,

67 1355 187 1423 simulet
202 1359 313 1423 servat
327 1361 362 1423 et
376 1357 571 1444 servatur1).
1056 1355 1069 1382 ”

113 1473 173 1542 Nec
192 1497 271 1542 vero
291 1473 504 1540 beneficentia
524 1473 644 1551 solum,
669 1469 727 1538 sed
747 1471 846 1540 etiam
861 1469 1035 1537 tolerantia
1054 1474 1096 1538 ad
1116 1459 1259 1542 divinam

66 1577 208 1642 contendit
220 1575 475 1654 similitudinem,
487 1575 525 1641 ut
536 1597 618 1660 quae
629 1573 1259 1662 patientialiberetaperturbationibus.
1350 1643 1353 1650 ,

65 1675 211 1746 Danielem
228 1677 358 1765 quidem
371 1677 623 1765 Babyloniorum
637 1699 695 1742 rex
708 1675 825 1742 deiecit
839 1676 873 1742 in
895 1675 1020 1743 foveam
1035 1675 1175 1744 ferarum
1189 1679 1259 1766 ple-

65 1801 134 1845 nam:
154 1779 246 1849 hune
269 1779 385 1846 eduxit
407 1779 601 1860 inviolatum,
617 1779 841 1845 universorum
862 1795 936 1856 rex,
960 1777 1065 1846 fidelis
1086 1779 1258 1848 Dominus.
1342 1861 1349 1870 ι

68 1877 150 1960 Quam
164 1880 373 1949 tolerantiam
390 1881 558 1969 gnosticus
572 1883 612 1948 ut
626 1883 794 1969 gnostious
810 1881 1000 1970 possidebit.
1045 1881 1172 1964 Quodsi
1186 1889 1260 1950 ten-

69 1981 175 2063 tabitur,
189 1989 231 2052 ut
241 1985 319 2064 Job,
335 1984 519 2061 benedicet3
536 1983 564 2050 si
576 1984 750 2051 devoratus
767 1984 867 2050 fuerit
881 2007 900 2049 a
915 1983 1173 2064 oet05utdonas,
1184 2009 1258 2074 pre-

71 2083 167 2154 rabitur
174 2111 183 2166 3
208 2087 237 2154 si
257 2087 402 2154 inclusus
418 2109 491 2153 oum
505 2085 651 2152 leonibus
666 2086 779 2166 fuerit,
800 2086 885 2152 ieras
906 2085 1154 2166 mansuefaciet3
1178 2087 1260 2154 siin
1331 2069 1337 2100 ⁸
1378 2129 1380 2135 ·

66 2183 149 2271 ignem
163 2191 264 2258 inerit
277 2191 428 2272 iniectus,
444 2187 641 2254 recreabitur
655 2211 742 2267 rore;
762 2193 863 2256 noctu
882 2189 946 2254 erit
965 2190 1106 2274 martyr,
1134 2192 1261 2276 martyr

64 2286 181 2360 interdiu
189 2318 199 2372 ;
222 2293 258 2358 in
275 2291 431 2369 sermone,
450 2290 485 2355 in
499 2289 583 2367 vita,
613 2290 647 2354 in
666 2291 808 2357 moribus
829 2291 892 2358 erit
910 2295 1051 2378 martyr3
1086 2311 1161 2357 cum
1185 2290 1260 2358 Deo

62 2387 190 2462 habitans
208 2399 365 2480 tanquam
381 2391 559 2470 familiaris,
574 2392 609 2458 in
623 2392 749 2482 Spiritu
762 2397 930 2482 permanet
944 2395 1088 2464 etcarne
1109 2395 1144 2458 et
1164 2393 1263 2460 corde

62 2513 152 2578 purus.
195 2495 378 2577 „Mundua
397 2495 445 2560 ait
466 2493 600 2584 Script,
631 2495 661 2560 si
686 2495 859 2582 crucifixus
878 2499 930 2562 est
954 2498 988 2562 et
1005 2495 1077 2583 ipse
1101 2495 1260 2563 mundo.“

62 2591 179 2667 Crucem
203 2599 310 2688 igitur
335 2597 517 2663 Servatoris
546 2595 773 2664 circumferens
800 2597 946 2684 sequitur
971 2596 1101 2684 singula
1125 2596 1260 2664 Domini

60 2701 189 2788 vestigia,
206 2699 303 2790 quasi
318 2699 398 2766 deus
414 2699 560 2777 effectus;
577 2703 761 2766 sanctorum
779 2704 922 2766 sanctus.
954 2697 1172 2780 Quamobrem
1187 2699 1260 2767 Lex

58 2799 139 2868 etiam
154 2827 254 2891 quam
270 2801 408 2869 maxime
422 2801 582 2868 hominem
597 2803 638 2866 ad
652 2803 859 2868 tolerantiam
874 2797 1016 2879 exercet,
1033 2802 1175 2868 velutad
1189 2823 1259 2868 om·

57 2899 129 2969 nium
143 2907 304 2974 virtutum
318 2901 574 2970 fundamentum.
603 2903 720 2990 Itaque
735 2899 939 2980 animalibus,
952 2923 1036 2992 quae
1050 2907 1128 2968 sunt
1141 2906 1260 2970 natura

56 3001 183 3093 pinguia,
198 3008 289 3076 vesci
303 3029 362 3074 nos
374 3009 476 3073 vetat.
506 3004 609 3071 Cuius
620 3006 667 3072 rei
680 3005 855 3071 similitudo
864 3005 899 3069 in
910 3003 1076 3097 mysteriis
1086 3005 1257 3091 reperitur.

58 3102 132 3187 Quid
145 3115 255 3182 autem
270 3109 318 3176 ita
331 3109 503 3186 indicatur,
516 3105 560 3186 id,
576 3105 767 3196 cupiditatis
782 3105 938 3183 tomitem,
959 3105 1161 3194 voluptatem
1183 3129 1258 3174 vere

57 3205 244 3291 damnantes,
259 3211 353 3301 plene
368 3209 582 3300 perficiamus.
625 3209 726 3276 Recte
742 3207 827 3273 enim
843 3205 1075 3273 Antisthenes:
1093 3205 1257 3298 „Cupidq

56 3305 156 3397 inquit,
171 3319 309 3382 naturae
324 3313 439 3380 vitium
454 3315 516 3390 est,
531 3311 582 3379 oui
598 3311 844 3378 succumbentes
859 3311 979 3388 miseri,
1001 3311 1259 3397 aegrotationem

56 3421 158 3484 vocant
172 3419 303 3484 deum.“
344 3413 529 3502 Xenophon
543 3435 639 3503 porro
653 3413 851 3502 voluptatem
867 3411 1010 3500 appellat
1023 3413 1154 3493 malum,
1171 3417 1258 3504 quod

55 3516 144 3584 multo
166 3519 273 3586 labore
299 3518 488 3606 acquiritur·
534 3515 624 3599 „Qui
653 3519 761 3583 autem
787 3516 964 3605 perdiderit
989 3515 1129 3581 animam
1154 3539 1257 3597 suam,
1306 3503 1313 3516 ’

56 3611 149 3703 inquit
163 3619 337 3698 Dominus,
354 3619 497 3688 servabit
510 3641 580 3686 eam
590 3630 627 3697 ;‘⁶
644 3619 678 3684 id
693 3643 732 3698 e.,
749 3619 804 3705 qui
819 3641 891 3684 eam
905 3616 958 3682 vel
972 3619 1106 3706 exponit
1119 3618 1259 3686 libenter

55 3720 192 3803 periculis
207 3745 267 3812 pro
281 3721 434 3804 Domino,
456 3721 723 3808 quemadmodum
738 3722 809 3808 ipse
822 3719 971 3786 se‘nostri
986 3741 1085 3786 causa
1095 3722 1257 3808 exposuit,

56 3819 97 3886 vel
115 3825 178 3910 qui,
198 3826 317 3914 spretis
332 3823 518 3891 libidinibus
535 3845 569 3890 ee
585 3826 715 3914 separat
735 3823 776 3889 ab
790 3822 886 3888 huius
906 3821 995 3888 vitae
1014 3823 1257 3897 consuetudine,

54 3923 97 3988 rel
110 3927 162 4012 qui
176 3926 331 4020 libidines¹
342 3949 417 3992 suas
433 3925 540 4014 affigit
553 3927 649 3993 cruci.
681 3926 755 4008 Qua
770 3925 853 3990 inre
868 3924 966 3990 etiam
981 3921 1094 3990 mortis
1107 3923 1259 3990 consistit

55 4029 221 4102 meditatio.
265 4029 331 4098 Sed
341 4029 514 4096 tolerantia
527 4029 584 4095 illa
596 4049 671 4096 vere
691 4030 743 4094 est
764 4026 886 4106 virtus3
909 4049 984 4093 nam
1005 4045 1081 4092 vere
1100 4024 1180 4102 viro,
1202 4027 1258 4110 qui

55 4143 116 4195 eum
129 4135 354 4218 consequatur,
369 4154 453 4220 opus
466 4133 528 4210 est,
545 4132 600 4218 qui
615 4127 848 4212 admirabiliter
867 4133 965 4215 atque
987 4128 1057 4194 sine
1071 4127 1258 4194 confusione

56 4227 196 4302 derebus
214 4235 257 4302 sit
271 4256 409 4314 usurus,
429 4233 577 4321 equibus
598 4231 815 4323 appetitiones
836 4231 994 4307 oriuntur,
1023 4229 1114 4295 velut
1133 4229 1257 4296 divitiis

56 4337 263 4430 egestateque,
278 4337 380 4426 gloria
390 4335 640 4425 ignominiaque,
653 4335 795 4405 sanitate
803 4332 989 4418 morboque,
1001 4329 1070 4399 vita
1080 4335 1258 4420 morteque,

59 4501 245 4528 ⁸——

104 4621 346 4728 ’ΝΛΜ-Μ·
493 4650 495 4661 ·
1036 4706 1054 4760 9
