2972 5048
659 1194 838 1298 capnt
854 1181 958 1280 111.
988 1261 990 1268 .

286 1341 320 1454 1.'
331 1337 522 1474 nesingutir
537 1375 765 1554 blenartirpll.
765 1374 927 1553 trsuaptim
950 1377 983 1450 et
1003 1375 1132 1468 primun
1152 1371 1276 1466 quirem
1290 1367 1346 1462 44ι

731 1499 765 1552 ro
798 1499 833 1570 44
849 1497 908 1572 uo.
974 1563 979 1586 ἱ

773 1754 841 1837 §1-

327 1880 380 1938 De
401 1873 594 1960 tempore,
617 1891 692 1957 quo
715 1873 896 1962 scriptus
920 1871 976 1938 sit
996 1868 1310 1964 Protrpptious.¹

266 1993 319 2059 Ao
334 1993 473 2081 primum
488 1989 617 2078 quidem
637 1991 677 2057 de
696 1994 851 2082 tempore,
872 2013 936 2078 quo
955 1991 1097 2079 scriptus
1118 1989 1162 2054 444
1181 1983 1402 2074 Protreptieus,

203 2117 406 2182 quaeramus.
449 2094 525 2160 Etsi
539 2093 641 2180 igitur
655 2094 735 2160 nihil
749 2096 963 2173 certi-tamen
979 2091 1058 2178 quid
1077 2089 1245 2180 probabile
1265 2089 1319 2166 444,
1338 2083 1404 2150 defi·

142 2221 145 2225 ·
204 2196 267 2262 niri
281 2197 401 2285 potest.
446 2197 530 2263 Nam
546 2219 644 2282 quum
659 2199 694 2262 et
707 2196 742 2262 in
756 2197 952 2284 Paedagogo
972 2200 1006 2262 et
1026 2195 1061 2261 in
1083 2193 1261 2260 Stromatis
1280 2195 1403 2258 'comma-

205 2299 430 2379 moretur,'his
450 2323 526 2366 eum
544 2300 898 2387 tempore'antseedere
917 2299 951 2364 444
971 2301 1126 2388 promptu
1145 2301 1207 2364 est.
1252 2290 1404 2362 Stromata

206 2405 327 2480 autern,
343 2403 472 2490 quibus,
492 2405 531 2468 ut
548 2401 645 2473 infra.
653 2401 910 2490 confirmabitur,
932 2401 1149 2489 Paedagogus
1170 2399 1331 2486 antiquior
1351 2392 1403 2466 est,

204 2504 280 2570 inde
294 2504 340 2570 ab
350 2529 371 2570 a
386 2508 448 2571 194
464 2506 611 2595 componi
625 2510 741 2593 coepta
756 2525 838 2570 4444·
843 2504 1004 2570 videntur.
1047 2503 1087 2570 Id
1102 2525 1177 2570 vero
1192 2503 1245 2570 hie
1259 2499 1404 2590 ponimus,

205 2605 276 2673 loeo
291 2609 511 2676 ostendemus.
555 2607 644 2694 Ergo
659 2612 735 2675 44444
750 2631 868 2674 annum
886 2609 958 2685 194,
980 2605 1075 2705 idque
1096 2629 1133 2672 eo
1147 2603 1316 2679 intervallo
1331 2603 1405 2672 ante,

210 2731 275 2794 quo
290 2708 466 2798 Paedagog
467 2734 507 2777 us
522 2709 761 2788 conficiebatur,
769 2704 859 2776 'tPro
860 2711 933 2798 rept
934 2710 1017 2776 ioum
1032 2709 1100 2780 edit
1100 2732 1155 2774 um
1176 2731 1248 2776 esse
1267 2730 1330 2774 non
1349 2701 1407 2770 sine

210 2811 335 2878 ratione
349 2814 508 2900 probabili
523 2813 717 2882 ooniioimus
739 2811 786 2878 Et
771 2813 951 2900 tquoniam
962 2809 1174 2890 Clementem,
1188 2813 1267 2878 dum
1278 2809 1406 2876 Pantae-

208 2937 271 2980 nus
288 2914 430 2982 scholam
440 2916 694 2984 Alexandrinam
708 2915 804 3002 regit,
821 2915 990 3002 scriptam
1004 2915 1144 2980 medium
1154 2915 1339 3003 protulisse,
1353 2927 1407 2974 non

210 3017 263 3080 est
276 3015 458 3099 verisimile,
475 3020 545 3109 ipse
565 3023 674 3085 autem
693 3019 737 3085 ab
757 3040 841 3084 anno
862 3019 925 3085 189
946 3019 976 3083 ei
995 3039 1145 3107 praeesse
1165 3018 1297 3107 incepit,
1316 3013 1406 3104 primo

208 3117 360 3208 deinceps
376 3121 593 3208 quinquennio
607 3121 725 3188 librum
739 3121 829 3186 illum
844 3119 1041 3188 hauddubie
1056 3121 1212 3188 exaravit.
1236 3120 1310 3204 Quo
1322 3133 1408 3208 quum

208 3213 352 3300 44444444,
368 3223 455 3310 quod
470 3221 632 3290 Eusebius
643 3231 670 3307 ¹)
687 3219 887 3289 Clementem
903 3224 1058 3288 intereos
1076 3222 1192 3302 refert,
1214 3225 1269 3314 qui
1290 3213 1408 3308 seriptis

208 3327 285 3389 44444
299 3323 465 3392 Victorem
480 3324 613 3414 Papam,
640 3325 744 3412 quia.
767 3327 829 3391 192
835 3323 1072 3438 'episcopatum
1098 3325 1190 3394 Rom.
1216 3321 1408 3395 natusest

210 3421 325 3492 Christ
310 3428 379 3506 tum
396 3427 491 3494 deum
506 3451 578 3495 esse
593 3427 778 3506 defendant,
798 3450 881 3596 (444ὺ4
903 3427 1084 3517 seriptap
1045 3453 1066 3494 π
1087 3431 1120 3502 ὸς
1143 3431 1180 3495 τὰ
1206 3431 1280 3516 ἔθνη
1301 3421 1410 3492 luerint

124 3571 141 3616 ·,
209 3529 318 3608 veisa,
346 3531 432 3599 unde
457 3530 550 3597 facile
575 3532 791 3626 προτρεπτικὸς
815 3531 889 3618 πρὸς
908 3455 1304 3698 tp'Ellqvaerntelligitur.
1333 3503 1410 3594 4444444

210 3629 333 3698 editum
349 3655 420 3700 esse
436 3635 538 3698 suta.
554 3555 615 3696 191
631 3555 690 3698 aiut
705 3631 768 3699 190
782 3651 841 3720 pro
855 3635 944 3698 certo
960 3634 1062 3700 statui
1080 3633 1176 3702 lioere
1197 3635 1333 3702 videtur.
1371 3625 1411 3695 El

209 3733 249 3800 de
264 3736 409 3823 tempore
425 3733 554 3822 quidem
568 3733 628 3802 hoo
644 3734 725 3802 seire
741 3734 896 3842 44444444.
913 3773 953 3787 -

817 3909 848 3972 2.

278 4023 484 4115 Protrept
475 4047 578 4092 4444444
601 3909 795 4116 seriptuni
815 4047 906 4094 4444
928 4025 976 4092 ad
995 3994 1172 4094 Graecos
1194 4022 1352 4116 proprie

696 4129 934 4220 appellatos.

144 4255 154 4272 ’
273 4247 327 4314 De
341 4245 553 4334 inscriptione
568 4245 676 4315 autem
691 4249 787 4318 huius
801 4249 876 4316 libri
889 4271 930 4315 ne
944 4247 1077 4314 minima
1091 4247 1220 4368 quidem
1234 4248 1287 4316 444
1300 4241 1412 4312 subdu·

208 4350 258 4417 bit
243 4350 336 4416 44444.
360 4347 490 4441 Quam
505 4349 663 4439 praebent
673 4353 765 4419 oodd.
781 4376 870 4430 44444,
886 4373 956 4417 eam
971 4349 1111 4439 probant
1125 4349 1244 4430 omnia,
1258 4369 1339 4440 quae
1352 4362 1412 4410 me·

208 4451 329 4520 moriae
343 4451 474 4546 prodite
489 4456 567 4522 sunt
581 4454 779 4525 testimonia.
823 4454 935 4542 Neque
949 4453 1048 4522 etiam
1058 4453 1142 4536 libri,
1159 4477 1215 4542 qur
1205 4398 1451 4544 ‘ipeotabantp

208 4576 411 4598 ...-.-..,-.-

264 4625 291 4692 ¹)
308 4625 343 4679 Η.
356 4641 379 4684 ο.
390 4627 425 4682 V.
438 4625 479 4682 28.

1220 3845 1230 3882 Ι
