2820 5052
625 351 689 416 235

117 529 186 604 Ηίε
201 533 303 623 igitur
322 539 420 604 antee
433 537 586 606 tnoans
600 539 734 629 locoque
748 537 861 606 morali
874 537 969 606 nobis
989 536 1173 605 summatim
1193 557 1269 626 pas-
1323 605 1331 618 ,

51 640 180 730 simque
194 641 371 730 descripto,
382 643 422 707 ut
437 658 548 707 sumus
559 641 704 729 polliciti,
716 643 837 733 eisque,
853 663 935 732 quae
946 640 987 706 ad
1001 663 1109 706 reram
1124 639 1270 704 excitant

49 741 280 828 cognitionem,
295 743 458 832 dogmatis
472 741 641 831 inspersis,
656 749 726 810 nto
740 745 884 831 quolibet
897 765 1018 818 eorum,
1035 743 1089 828 qui
1103 741 1268 827 mysteriis

49 867 112 910 non
129 848 210 910 sunt
227 845 360 922 initiati,
380 845 468 911 haud
488 843 582 912 facile
601 847 731 934 possint
748 845 885 914 inveniri
900 849 1038 912 sanotae
1057 845 1266 910 traditiones:

49 947 333 1032 aggrediamur
357 947 422 1034 id,
451 947 553 1034 qnod
580 949 936 1040 sumus'polliciti.
964 989 1000 1000 -
1030 945 1186 1033 Sequitur
1210 945 1268 1012 ills
1321 1014 1327 1024 ,

49 1049 242 1136 disputandi
252 1051 324 1117 viae
338 1049 522 1116 strationis
538 1050 725 1139 descriptio,
737 1075 834 1139 quam
848 1051 883 1117 in
898 1055 913 1137 §
928 1053 956 1118 4.
970 1049 1010 1115 de
1025 1049 1145 1116 Strom.
1167 1073 1198 1137 p.
1214 1047 1267 1114 92.

50 1146 349 1240 transscripsimus.
393 1153 478 1218 Tum
493 1152 575 1250 libro¹
590 1153 666 1220 VII.
681 1153 776 1220 finem
792 1153 933 1243 imponit
945 1151 996 1217 his
1011 1151 1130 1218 verbis.
1146 1189 1187 1198 —
1201 1149 1268 1214 At-

49 1275 112 1340 que
127 1255 211 1321 adeo'
225 1255 402 1350 posthunc
417 1254 590 1346 septimum
608 1249 868 1325 Strom.·librum'
881 1257 921 1322 de
933 1255 991 1334 eis,
1013 1276 1098 1341 quae
1115 1252 1267 1339 deinceps

50 1359 245 1443 sequnntur,
260 1356 304 1426 ab
317 1357 387 1428 alie*
394 1359 553 1449 principio
566 1360 721 1428 faciemus
736 1359 1000 1447 disputationem.
1016 1397 1058 1406 —

619 1533 706 1618 §1s

479 1650 540 1718 De
560 1652 664 1720 libro
686 1655 836 1719 octavo.

114 1767 311 1855 Priusquam
327 1759 401 1836 iibri
419 1767 512 1849 VIII,
528 1772 620 1839 euius
635 1772 852 1860 fragmentum
873 1769 1013 1845 tantum,
1034 1764 1182 1852 quintam
1201 1761 1267 1828 for-

49 1869 151 1947 tasse,
168 1869 196 1935 si
209 1869 288 1940 licet
298 1889 343 1938 ex
357 1872 473 1940 ceteris
488 1874 580 1942 libris
595 1875 795 1951 concludere,
817 1873 920 1939 totius
940 1869 1014 1936 libri
1031 1871 1160 1957 partem
1180 1885 1267 1930 com-

49 1971 209 2059 plectens,
216 1977 335 2053 exstat,
348 1979 575 2062 argumentum
587 1999 755 2067 exponam,
768 1998 832 2043 non
844 1981 911 2042 tam
921 1973 1055 2061 propter
1065 1967 1267 2058 ipsiusindo-

49 2074 110 2140 lem
118 2079 324 2155 conaturam,
337 2082 724 2166 quamproptereruditos
737 2075 1100 2150 homineshsesitantes,
1112 2070 1267 2138 dubitan-

48 2175 1266 2271 tes,aberrantes,ipsumvoreesscprolectumaClemeuteStro-

47 2281 199 2344 matum
214 2284 398 2360 auctore,
415 2285 478 2350 erit
491 2283 585 2351 nobis
600 2285 896 2351 demonstrandum.
918 2283 971 2348 Ao
985 2281 1126 2370 primum
1139 2277 1270 2367 'quidem

47 2380 225 2448 Nourriuns
240 2386 384 2451 ceterum
400 2387 558 2475 optimum
573 2387 767 2454 hauddubie
780 2383 960 2452 Clementis
971 2382 1119 2459 iudicem,
1134 2381 1169 2446 id
1181 2380 1268 2471 quod

48 2483 81 2552 in
102 2484 334 2579 manuscriptis
359 2488 451 2556 codd.
473 2491 643 2558 exhibetur
664 2491 738 2557 libri
766 2488 850 2556 VIII
875 2487 1093 2573 fragmentum
1118 2484 1266 2572 pluribus

48 2587 253 2672 argumentis
269 2591 393 2656 auctori
408 2592 593 2660 abiudicsre
613 2597 767 2660 conatum
782 2613 854 2660 essa
869 2587 1190 2656 animadvertendum
1205 2589 1267 2654 est.

49 2689 152 2754 Huno
170 2689 255 2755 enim
279 2691 477 2778 reliquorum
501 2695 597 2761 multi
622 2696 693 2762 sine
717 2694 810 2761 novis
837 2692 1039 2780 argumentis
1065 2689 1169 2756 secuti
1194 2697 1288 2756 esse'

48 2792 211 2858 videntur.
252 2793 302 2859 'ns
318 2795 488 2864 Fabricius
508 2797 648 2888 quidem,
669 2799 725 2888 qni
740 2800 818 2864 item
833 2797 938 2866 reiicit
952 2795 1171 2880 fragmentum
1185 2793 1266 2858 illud

48 2897 89 2959 ut
111 2891 188 2960 libri
214 2894 309 2974 VIII,
335 2897 415 2964 hsec
433 2902 563 2965 tantum
583 2900 766 2966 reiectionis
793 2921 871 2965 suae
890 2898 1032 2964 tuendae
1057 2917 1156 2961 causa
1175 2895 1264 2961 dicit.

50 2995 124 3072 „At
140 2995 211 3064 loco
230 2997 338 3077 illius,
359 3002 414 3091 qui
433 3001 528 3068 hodie
546 3005 708 3092 seqnitur,
736 3002 867 3068 octavi
891 2997 988 3065 libri
1012 2999 1047 3062 in
1072 2997 1266 3086 quibusdam

51 3096 230 3166 (lodicibus
245 3101 364 3169 Photio
382 3106 438 3172 lli
456 3103 550 3170 lectis
571 3108 702 3172 secutus
724 3109 776 3171 est
797 3103 888 3180 liber,
909 3101 949 3167 de
970 3122 1033 3191 qno
1053 3121 1129 3166 mox
1148 3099 1264 3176 dicam,
1367 3181 1370 3192 Ι

51 3200 154 3283 Quis
176 3201 287 3270 dives
312 3205 496 3273 salvetur.
540 3207 610 3272 Alii
630 3212 755 3286 tamen,
783 3206 869 3297 quod
894 3205 980 3270 idem
1005 3202 1089 3269 vidit
1115 3201 1264 3279 Photiur,

49 3303 134 3370 hunc
148 3303 257 3392 ipsum
272 3309 423 3374 octavum
437 3307 554 3375 librum
566 3309 763 3378 habuerunt.
837 3308 940 3374 Porro
953 3305 1034 3372 liber
1044 3306 1109 3372 iste
1119 3313 1265 3382 oetams,

47 3407 102 3496 qul
118 3409 241 3507 exstet,
262 3431 333 3475 oum
355 3411 516 3500 prioribus
538 3416 663 3508 peptem
684 3413 764 3478 nihil
783 3411 884 3477 habet
903 3431 1082 3492 commuue,
1104 3411 1156 3477 set
1173 3411 1265 3475 totus

46 3511 87 3576 de
102 3511 390 3590 demonstratione,
411 3513 607 3593 definitione,
628 3513 787 3580 divisione
806 3517 842 3580 et
861 3513 968 3578 causis
989 3511 1158 3578 dialectico
1178 3533 1266 3578 more

46 3613 273 3702 disputat‘·¹).
317 3613 445 3682 Natalis
471 3618 671 3684 Alexander:
698 3608 886 3694 ‚‚O'ctavns·,
915 3614 1038 3705 inquit,
1064 3637 1159 3704 quem
1179 3635 1265 3682 nuno

46 3715 216 3792 habemus,
237 3717 440 3784 stromatum
466 3718 657 3786 libertatus
684 3719 809 3806 logicus
835 3721 869 3784 et
894 3717 1049 3806 physicus
1076 3719 1137 3782 est.
1180 3715 1266 3802 Agit

46 3836 187 3904 namque
207 3818 247 3884 de
268 3817 464 3898 definitione,
485 3821 652 3900 divisione,
674 3820 949 3888 demonstratione
969 3821 1004 3884 et
1023 3819 1063 3884 de
1083 3817 1263 3902 causton).

44 3920 119 3986 Non
140 3921 290 4007 agnoscit
308 3921 411 4008 igitur
436 3922 521 3990 hunc
540 3925 657 3991 librum
681 3947 802 3989 verum.
848 3921 976 4005 Quibus
996 3943 1129 4008 prorsus
1150 3943 1263 3988 assen-

44 4023 175 4092 tiuntur
189 4021 356 4112 Dupine),
371 4023 595 4110 Tlllemont4),
612 4028 710 4092 ceteri
725 4029 873 4093 auctores
887 4025 927 4091 de
939 4023 1151 4112 scriptoribus
1162 4024 1263 4092 eoele-

42 4164 250 4176 ——n-fi———u—

99 4210 125 4281 ¹)
142 4213 210 4268 Bibl
223 4212 268 4274 Gr«
279 4213 315 4268 V.
327 4232 352 4282 p.
365 4215 424 4272 102.
442 4213 474 4270 ef.
487 4216 589 4273 Welch,
601 4218 707 4270 Miscell.
724 4218 796 4270 Seor.
809 4233 832 4284 p,
845 4216 905 4271 522.

97 4301 126 4363 ²)
144 4299 211 4354 Essa
225 4301 284 4354 eccl.
297 4304 348 4366 ed„
362 4318 428 4368 quae
439 4303 526 4368 Bingii
539 4305 572 4354 od
582 4303 699 4354 Rhenum
713 4306 815 4370 prodiit,
828 4320 852 4354 a.
871 4302 944 4366 1780,
956 4303 988 4354 Τ.
1003 4301 1038 4352 V.
1053 4316 1076 4366 p.
1089 4300 1133 4354 51.

97 4382 125 4449 ι)
143 4384 268 4436 Nouvelle
280 4387 345 4442 Bibl.
358 4391 401 4438 des
413 4389 525 4439 Auteurs
538 4390 607 4452 eccl,
624 4392 663 4439 ed.
677 4391 736 4440 Pur.
753 4387 826 4443 1693.
840 4391 873 4442 T.
888 4387 906 4442 1.
919 4407 943 4456 p.
956 4387 998 4442 83.
1016 4387 1066 4451 „Co
1079 4387 1177 4438 dernier
1187 4383 1264 4436 Lirre

40 4471 273 4524 dansuoseditions
281 4477 319 4522 est
331 4487 366 4522 un
378 4489 463 4525 ramas
475 4477 506 4525 de
518 4475 643 4540 principes
656 4476 805 4540 deLogiqne
815 4477 858 4542 qui
868 4491 900 4528 ne
910 4477 1021 4525 contient
1032 4476 1094 4537 rien,
1104 4473 1146 4538 qui
1157 4473 1263 4537 regards

39 4557 66 4609 la
78 4557 201 4623 Religion
212 4555 372 4620 Chretienua
383 4561 410 4608 ni
422 4561 466 4626 qui
478 4561 566 4612 merite
578 4561 657 4612 d’ttre
669 4561 810 4626 rapporte‘.“

98 4642 127 4708 ι)
144 4642 162 4697 ι.
173 4643 191 4696 ι.
203 4643 236 4696 r.
248 4639 321 4698 x111.
332 4659 357 4711 ρ.
369 4641 412 4699 ss.
