2820 5052
625 339 686 408 165
785 379 789 388 ·

105 529 201 611 Quae
220 523 618 614 igltor'Groec'ihabent,
639 529 776 596 canunt
789 529 913 612 nostra,
929 553 949 596 a
964 527 1048 598 bono
1067 529 1141 608 deo,
1154 531 1260 598 ¹cuius
1355 537 1360 560 ¹

44 633 118 698 sunt
139 629 249 696 omnia
273 629 374 706 bona,
395 627 549 717 proiecte.
593 629 640 696 Et
659 631 798 719 primum
824 629 953 718 quidem
974 631 1182 722 sapientiam,
1207 633 1259 700 vel

44 732 213 812 iustitiam,
228 753 293 798 non
307 730 457 808 veritate
479 731 536 798 sed
550 730 763 800 delectatione
778 732 896 820 vulgus
911 733 1100 822 plerumque
1115 735 1258 802 metitur.

44 837 185 904 Maxime
201 837 311 902 autem
325 835 372 900 eis
388 833 578 911 delectatur,
595 833 712 920 quibus
727 835 833 923 ipsum
851 839 903 902 est
919 836 1031 906 simile.
1074 837 1192 923 Itaque
1205 861 1257 904 ar-

45 941 130 1006 cetur
143 938 243 1005 etiam
253 939 341 1027 apud
351 935 535 1023 Aegyptios
548 934 589 1004 ab
601 936 721 1024 adytis,
733 938 819 1026 apud
831 937 998 1006 Hebraeos
1011 961 1031 1004 a
1042 939 1124 1018 velo,
1139 939 1258 1027 ubique

49 1039 257 1128 emysteriis.
309 1039 394 1105 Non
421 1038 563 1105 mundo
586 1039 764 1106 mundum
786 1045 953 1126 tangere
980 1041 1111 1108 Platoni
1132 1065 1258 1130 quoqqe

50 1143 213 1210 videbatur
226 1141 395 1214 nefarium,
438 1139 635 1228 Expiatione
650 1141 753 1228 igitur
766 1165 848 1230 opus
864 1145 899 1210 ct
910 1143 1114 1230 purgatione.
1157 1143 1258 1233 Apud

45 1245 225 1335 Aegyptios
240 1245 300 1312 bac
316 1245 356 1311 de
371 1265 470 1312 causa
483 1241 595 1310 multis
617 1266 655 1310 ao
669 1244 767 1310 variis
783 1243 961 1332 disciplinis
977 1243 1106 1312 demum
1125 1247 1167 1312 ad
1186 1253 1257 1333 my-

44 1349 139 1416 steria
151 1349 382 1437 pervenitur1).
409 1345 534 1412 Omnes
545 1367 633 1432 ergo,
649 1349 688 1411 ut
697 1346 787 1412 brevi
799 1347 915 1424 dicam,
930 1350 998 1414 tam
1009 1346 1150 1427 barbari,
1161 1371 1257 1435 quam

43 1451 176 1530 Graeci,
207 1473 312 1526 rerum
328 1449 469 1536 'quidem
493 1448 651 1536 principia
667 1451 926 1526 occultaverunt;
955 1448 1126 1516 veritatem
1146 1453 1256 1522 autem

41 1551 291 1642 aenigmatibus,
309 1549 476 1636 symbolis,
492 1550 665 1638 allegoriis,
681 1551 894 1640 metaphoris,
916 1551 1101 1638 talibusque
1121 1551 1256 1640 quibus-
1385 1577 1390 1588 ·

42 1657 108 1722 dero
125 1655 234 1743 tropis
249 1653 463 1732 tradiderunt,
479 1653 586 1739 qualia
608 1656 688 1722 sunt
705 1654 793 1741 apud
814 1652 959 1722 Graecos
980 1654 1119 1722 oracula.
1165 1653 1256 1738 Qua-

42 1761 174 1848 propter
188 1755 309 1844 Apollo
324 1754 464 1842 Pythius
480 1755 662 1844 appellatur
677 1757 803 1836 nostae,
824 1757 845 1824 i.
861 1779 889 1828 e.
905 1755 1065 1843 obliquus.
1092 1757 1168 1841 Quo
1182 1781 1255 1846 per·
1303 1809 1308 1814 .

42 1862 145 1927 tinent
160 1859 259 1924 etiam
275 1861 399 1947 septem
416 1858 610 1946 sapientium
625 1858 735 1930 brevia
749 1859 848 1937 dicto,
870 1881 952 1945 quae
968 1859 1135 1926 continent
1155 1860 1256 1948 signi·

43 1961 316 2030 ficationemulta.
360 1960 459 2027 Velut
474 1961 570 2028 illud:
593 1961 722 2028 Nosce
745 1961 937 2050 teipsum!
960 1963 1099 2052 plurima
1113 1962 1253 2030 indicat:

47 2069 160 2130 teesse
171 2063 352 2138 mortalem,
371 2061 531 2138 bominem
552 2066 676 2141 natum,
697 2063 820 2130 divitiis
842 2064 1008 2150 gloriaque
1028 2067 1062 2130 te
1081 2063 1168 2130 baud
1187 2063 1257 2130 fieri
1281 2055 1286 2066 ’

44 2167 219 2242 meliorem·
242 2165 428 2232 ueletiam·
450 2165 498 2230 ed
526 2166 632 2252 quid,
660 2166 782 2251 inqui,
811 2165 1020 2242 natussis,
1042 2187 1255 2252 cognosce,

41 2273 74 2337 et
101 2268 219 2336 ouius
250 2266 304 2332 sie
337 2267 483 2353 imago,
517 2271 556 2334 et
588 2290 777 2354 quaenam
811 2271 880 2336 tua
915 2267 970 2332 sit
997 2269 1189 2346 essentia,
1216 2272 1257 2336 et

41 2372 171 2468 qualis
195 2354 399 2446 cre-‚atara
421 2373 460 2436 et
476 2392 664 2455 quaenam
684 2393 768 2438 cum
787 2371 1139 2438 deccommunioet
1160 2370 1255 2438 aiii-

40 2477 164 2552 nitas,
188 2470 377 2556 similiaque.
424 2470 511 2554 Quid
526 2475 624 2562 ergo?
655 2474 719 2540 Per
733 2471 876 2542 Jesarom
889 2473 1080 2562 prophetam
1093 2475 1254 2564 Spiritus·

40 2577 152 2644 Dabo
179 2573 272 2652 tibi,
299 2574 421 2660 inquit,
444 2575 655 2644 thesauros
684 2577 937 2654 tenebrosos,
966 2575 1165 2654 occultos3
1202 2575 1255 2642 dci

39 2687 148 2746 eutem
160 2676 306 2743 thesauri
321 2679 356 2744 et
369 2676 502 2742 divitiae
517 2701 581 2746 non
596 2679 747 2747 deficient
732 2683 782 2746 tes
792 2683 878 2746 sunt
894 2680 1065 2767 sapientia,
1080 2681 1202 2746 venatu
1216 2700 1255 2772 ea

39 2781 192 2848 difficilis.
237 2779 303 2846 Sed
328 2783 444 2866 poetae
470 2778 575 2845 etiam¹
594 2781 697 2848 multa
717 2781 986 2870 philosophantur
1009 2781 1104 2848 modo
1125 2803 1254 2857 arcano,

39 2883 203 2972 Orpheus,
224 2880 342 2961 Linus,
360 2881 527 2959 Musaeus,
539 2882 713 2958 Homerus,
729 2881 912 2960 Hesiodus,
943 2883 1060 2968 quibus
1081 2883 1187 2950 velum
1203 2877 1255 2948 ‘est
1314 2885 1318 2920 ¹

38 2985 165 3074 poetica
185 2983 367 3054 delectatio.
415 2982 547 3050 Somnia
572 2987 608 3050 et
630 2984 776 3070 symbola
801 2985 901 3051 adeo
922 2985 1051 3070 quidem
1070 2981 1263 3048 bominibus·
1337 2975 1363 3028 s

38 3091 113 3156 data
126 3090 216 3165 sunt,
232 3109 291 3152 nec
302 3109 378 3154 vero
389 3084 520 3161 invidia,
537 3085 623 3170 quod
638 3085 743 3152 dicere
759 3087 859 3163 naias,
877 3086 932 3152 sed
949 3089 987 3152 ut
1001 3083 1196 3172 aenigmatis
1212 3084 1254 3148 ad

39 3192 208 3258 verit-atem
222 3187 446 3256 inveniendam
458 3189 635 3254 recurrant.
680 3187 965 3259 Verumenimvero
982 3193 1087 3256 totam
1106 3208 1132 3252 ss
1148 3185 1251 3274 scrip-

38 3297 145 3360 turam
170 3292 205 3360 in
225 3291 379 3380 parabola
404 3312 476 3356 esse
496 3290 631 3368 dictam,
655 3293 766 3376 aperte
790 3291 825 3358 in
844 3289 985 3357 Psalmis
1007 3291 1251 3379 scriptumest:

37 3396 202 3472 Audite,
231 3394 399 3484 populus
427 3413 548 3469 meus,
583 3391 706 3478 legem
733 3415 867 3471 meam,
904 3391 1096 3461 inclinate
1124 3413 1254 3457 aurem

38 3501 208 3566 vestram
222 3497 261 3562 in
275 3495 393 3562 verba
413 3493 494 3560 oris
509 3495 592 3560 mei.
621 3495 808 3582 Aperiam
828 3495 860 3568 iu
880 3495 1094 3584 parabolicos
1113 3515 1252 3571 meum,

37 3599 174 3686 loquar
188 3597 504 3688 propostitiones
520 3596 565 3662 ab
580 3595 705 3664 initio.
741 3597 789 3664 Et
803 3596 999 3685 Apostolus:
1022 3598 1252 3686 Loquim'ur,
1289 3589 1306 3681 ‘x

38 3701 153 3790 inquit,
182 3701 244 3768 dei
268 3699 506 3789 sapientiam
536 3698 573 3764 in
602 3699 793 3788 mysterio
822 3700 1252 3784 absconditamquem

38 3801 366 3892 praefiniit'deus
396 3803 486 3866 ante
516 3802 648 3868 secula
673 3802 713 3876 in
734 3802 899 3888 gloriam
922 3805 1113 3880 nostram,
1141 3821 1251 3886 quam

37 3905 170 3972 nullus
187 3902 495 3992 exprincipibus
514 3902 630 3972 b'uius
648 3905 768 3972 seculi
790 3904 983 3990 cognovit.
1026 3904 1074 3970 Et
1087 3902 1150 3968 alio
1165 3901 1251 3982 loco:

39 4005 334 4083 Praedicamus,
356 4001 407 4070 'ut
434 4004 623 4093 scriptum
650 4011 727 4086 e‘st,
756 4027 852 4092 quae
880 4005 1016 4072 oculus
1039 4027 1113 4072 non
1134 4002 1252 4082 vidit,

37 4113 77 4176 et
97 4110 209 4178 auris
237 4129 311 4174 non
339 4106 507 4184 audivit,
545 4112 584 4174 e't
610 4109 649 4174 in
676 4131 739 4176 cor
766 4107 933 4176 hominis
960 4131 1033 4176 non
1066 4106 1251 4173 ascende·

38 4215 147 4290 runt,
184 4231 278 4297 quae
310 4210 569 4298 praeparavit
595 4210 782 4289 deuseis,
819 4210 883 4297 qui
909 4209 1035 4300 ipsum
1058 4209 1252 4296 diligunt.

40 4311 160 4380 Nobis
176 4311 275 4379 enim
296 4310 490 4378 revelavit
509 4312 604 4380 deus
626 4335 693 4402 per
708 4311 908 4402 Spiritum.
952 4309 1131 4399 Spiritus
1152 4309 1251 4378 enim

95 4547 192 4617 ι)Ηοι
212 4549 268 4603 loeo
289 4549 404 4617 singulae
421 4553 533 4605 dec
474 4550 516 4618 pl
508 4566 572 4618 mse,
589 4555 680 4621 quibus
697 4555 765 4618 opud
782 4552 921 4620 Aegyptios
943 4553 1008 4604 ιιό
993 4567 1087 4606 ιιιιιι
1098 4551 1202 4606 veosb
1203 4557 1251 4616 tuq

43 4643 261 4690 ιιιιιιιιιιιιιιιι
229 4652 261 4689 ιιι
262 4637 397 4704 amplisque
408 4639 572 4693 illustrantur.
