2820 5052
710 343 774 410 184

116 533 379 627 philosophiam,
389 533 429 600 nt
436 531 944 620 eacraeprobanteeremonice1).
964 527 1119 598 Indorum
1131 529 1353 621 antemphilo·

61 647 68 659 “
134 637 248 728 rophia
262 637 326 704 fuit
339 637 414 724 ipsa
427 657 555 722 quoque
569 635 663 702 valde
677 633 849 702 celebrata.
894 632 1040 714 Quorum
1056 653 1156 721 quum
1165 632 1354 701 Alexander

133 741 272 809 Macedo
287 763 327 806 ex
343 737 623 827 Gymnosophistc
638 737 777 823 quodam
792 736 998 822 quaesiisset,
1020 738 1113 802 utros
1131 737 1355 808 exsistimaret

133 865 206 912 esse
220 843 347 932 plures,
367 841 501 908 vivosne
525 864 568 907 an
588 843 750 908 mortuos:
772 839 879 916 vivos,
899 838 1023 924 inquit,
1053 861 1129 906 non
1149 845 1247 906 suut
1267 841 1354 908 euim

2 946 5 954 ’
131 947 263 1014 mortui.
289 945 336 1010 Et
348 943 395 1010 sic
410 943 538 1033 quidem
559 943 669 1010 decem
689 941 937 1008 obscurissimas
953 942 1161 1028 quaestiones
1176 943 1302 1031 optime
1321 945 1355 1012 id

133 1047 430 1117 estobsouriesime
446 1045 623 1124 solverunt,
653 1045 841 1110 Alexandro
861 1045 1000 1112 mirante
1021 1067 1066 1112 ac
1091 1067 1182 1124 vera,
1209 1047 1354 1132 quaedi-

133 1153 294 1228 cerentur,
310 1145 517 1236 agnoscente,
532 1171 592 1215 neo
606 1152 717 1215 tamen
731 1145 944 1233 intelligente.
989 1146 1055 1214 Sed
1068 1147 1148 1214 haec
1162 1148 1332 1216 hactenus.

198 1253 307 1320 Deum
322 1254 431 1317 autern
446 1249 614 1319 aGraeeis
628 1248 879 1340 probatissimis,
894 1268 960 1316 non
974 1249 1115 1316 dilucida
1129 1249 1260 1340 quidem
1275 1273 1354 1338 eog-

133 1355 267 1434 nitione,
285 1355 445 1442 sedquasi
455 1354 573 1422 indicio
590 1352 730 1440 quodam
741 1352 968 1440 aenigmatis2)
984 1353 1133 1440 agnitum
1148 1374 1222 1420 esse
1232 1352 1353 1420 Petrus

62 1461 66 1469 '
134 1459 215 1526 dicit
228 1456 263 1524 in
277 1456 532 1552 Praedicatione.
575 1453 822 1543 Cognoscite
850 1477 946 1542 ergo
973 1477 1090 1521 unum
1112 1477 1202 1522 esse
1223 1455 1352 1534 deum,

134 1561 204 1648 qni
228 1560 327 1626 fecit
353 1558 522 1624 oinnium
549 1559 791 1647 principium
818 1557 994 1645 finisque
1020 1556 1142 1626 habet
1167 1561 1352 1646 potesta-

132 1667 211 1730 tem
233 1666 273 1730 et
294 1663 377 1748 qui,
399 1660 490 1727 dum
508 1661 596 1749 ipse
615 1659 912 1746 videri'nequit,
939 1648 1216 1740 videt'omnia3
1235 1684 1351 1748 ,quum

133 1766 223 1854 capi
238 1787 312 1832 non
327 1764 476 1853 possit,
493 1763 606 1852 capit
619 1765 761 1841 omnia,
782 1763 933 1830 nullius
949 1785 1066 1848 quum
1080 1763 1137 1830 rei
1150 1763 1350 1852 indigeat,

132 1867 221 1956 ipso
250 1866 438 1954 indigent
467 1867 613 1944 omnia,
650 1889 718 1954 per
746 1887 858 1954 quem
891 1866 1149 1942 anatomia,
1185 1867 1252 1952 qui
1280 1853 1351 1934 non

132 1968 586 2058 potestcomprshendi,
608 1972 813 2046 aeternus,
834 1967 1070 2034 abinteritu
1084 1968 1258 2048 alienus,
1279 1992 1350 2036 non

132 2073 283 2150 lactus,
321 2074 387 2158 qui
415 2073 543 2138 omnia
571 2071 669 2137 fecit
693 2070 815 2136 'verbo
840 2069 1003 2136 virtutis
1034 2092 1142 2152 enac,
1165 2070 1187 2136 i.
1211 2093 1239 2137 e.
1267 2071 1349 2137 Filii.

132 2175 262 2242 Deinde
275 2197 352 2241 vero
367 2173 474 2239 addit:
497 2175 613 2240 Hunc
634 2175 745 2240 deum
768 2171 906 2254 colite,
926 2193 1002 2238 nou
1021 2175 1067 2238 ut
1086 2169 1247 2251 Graeci,
1274 2197 1349 2260 quo-

83 2308 86 2312 ·
135 2279 223 2344 niam
239 2276 358 2345 Graeci
372 2277 509 2342 eundem
524 2277 664 2367 quidem,
680 2297 777 2362 quem
791 2269 861 2351 nos,
878 2275 973 2340 deum
983 2273 1104 2352 colunt,
1119 2297 1180 2342 nec
1192 2295 1268 2343 vero
1279 2299 1348 2364 per-

133 2379 430 2466 iectacognitione,
446 2380 554 2466 utqui
569 2379 812 2445 traditionema
826 2377 911 2442 Filio
926 2377 1080 2444 donatam
1097 2401 1162 2444 non
1173 2377 1350 2444 didicerint

134 2480 189 2547 Ne
208 2481 352 2547 colatis
374 2481 516 2567 igitur,
543 2483 665 2568 inquit,
688 2503 754 2546 non
773 2479 869 2545 dicit:
892 2480 1002 2556 deum,
1026 2501 1119 2566 quem
1143 2477 1279 2559 Graeci3
1299 2481 1349 2548 sed

134 2583 343 2650 nccolatis
365 2587 401 2654 nt
422 2582 545 2676 drtttiJ
572 2585 680 2650 cultus
706 2584 759 2650 dei
783 2586 915 2648 mutans
945 2583 1112 2662 modum,
1141 2605 1208 2650 nou
1235 2585 1349 2650 allum

135 2689 243 2752 autem
264 2687 359 2751 deum
379 2685 547 2749 nuncians.
601 2684 736 2753 Modum
769 2689 878 2752 autem
899 2707 1087 2769 perversum
1117 2686 1209 2755 illum
1235 2687 1348 2754 Petrus

138 2789 290 2876 deinceps
306 2786 471 2853 describit.
515 2785 643 2853 Deinde
657 2789 766 2876 pergit
780 2789 838 2864 ita,
859 2788 1000 2854 utnulla
1016 2787 1241 2856 subdubitatio
1255 2791 1349 2856 inter-

132 2891 325 2980 pretationis
340 2892 472 2956 nostroe
484 2887 694 2975 relinquatur.
724 2891 828 2958 Neve
844 2891 964 2959 colite
985 2895 1028 2958 ut
1040 2891 1066 2959 J
1071 2890 1202 2969 udaei3
1219 2914 1347 2978 quorum

133 2995 263 3060 modum
279 2993 378 3058 etiam
396 3013 495 3081 quum
516 2992 741 3080 explicaverit:
776 2993 908 3076 Quare
929 3016 1014 3071 vos,
1050 2993 1173 3079 inquit,
1200 3015 1348 3084 quoque

135 3099 274 3162 sancte
289 3098 328 3162 et
347 3096 473 3172 iuste,
489 3117 587 3184 quae
602 3096 925 3164 vobistradimus
940 3097 1161 3173 discentes,
1178 3101 1346 3173 servate,

133 3217 214 3269 novt
240 3197 332 3268 molt
357 3197 470 3262 deum
495 3219 562 3284 per
582 3194 788 3265 Christum
809 3200 999 3265 colentes.
1043 3197 1171 3264 Novum
1191 3200 1278 3266 enirn
1298 3201 1346 3265 de·

133 3297 183 3364 dit
196 3297 289 3364 nobis
304 3298 568 3376 Testamentum,
582 3317 673 3384 ‘quae
692 3302 778 3368 enim
793 3306 871 3368 sunt
885 3301 1078 3367 Iudaeorum
1093 3303 1127 3366 et
1142 3299 1345 3377 Graecorum,

133 3403 212 3466 sunt
222 3389 342 3467 vetera.
368 3402 494 3488 Aperte
503 3402 598 3478 enim,
614 3409 653 3468 ut
664 3404 812 3482 arbitror,
828 3405 973 3472 ostendit
982 3428 1082 3473 unum
1093 3411 1130 3470 et
1140 3403 1245 3472 solum
1258 3405 1346 3470 deum

135 3526 156 3568 a
172 3500 307 3568 Graecis
323 3504 451 3592 quidem
467 3503 695 3589 gentiliter,
720 3529 741 3570 a
754 3505 891 3572 Judaeia
913 3509 1023 3572 autem
1041 3506 1228 3588 Judaice,
1255 3527 1345 3574 novo

133 3607 243 3671 autem
258 3604 371 3671 modo
386 3629 406 3670 a
420 3605 513 3672 nobis
535 3607 686 3692 cognosci
706 3609 741 3672 et
761 3607 965 3694 spiritaliter;
993 3612 1162 3696 praeterea
1182 3615 1291 3678 autem
1309 3608 1344 3674 ab

134 3707 245 3772 eodem
264 3707 591 3796 deo'suppeditatum
614 3729 685 3774 esse
704 3711 879 3799 utrumque
897 3712 1147 3788 testamentum,
1178 3712 1234 3802 qui
1254 3713 1343 3780 etiam

118 3807 271 3882 ,Graecis
286 3810 412 3876 dederit
424 3809 675 3899 philosophiam,
696 3833 761 3899 qua
773 3812 872 3878 etiam
893 3836 912 3878 a
933 3811 1069 3880 Graecis
1089 3814 1194 3900 gloria
1213 3815 1344 3882 affinitur

115 3913 346 3999 *omnipotens
376 3911 445 3976 Nec
458 3934 535 3978 vero
554 3913 587 3976 hi
602 3915 670 3978 tres
691 3913 802 4002 p'opuli
821 3916 890 3982 tres
906 3915 1052 3982 diversae
1065 3920 1214 3994 naturae,
1231 3917 1287 3982 sed
1300 3914 1341 3980 di·

133 4015 237 4080 versis
254 4014 372 4104 eruditi
387 4016 595 4082 testamentis
611 4015 707 4082 unius
723 4019 802 4082 sunt
816 4015 959 4096 Domini,
975 4019 1072 4085 unius
1086 4019 1208 4086 eruditi
1219 4015 1341 4086 Domini

77 4168 82 4186 .
132 4117 240 4183 verbo.
284 4115 445 4198 Quoniam
470 4118 737 4206 quemadmodum
762 4119 901 4186 Iudaeos
926 4121 1006 4186 deus
1027 4121 1134 4188 salros
1156 4145 1229 4190 esse
1248 4119 1341 4194 voluit

132 4241 191 4309 per
205 4219 397 4308 Prophetas,
413 4219 461 4285 ita
473 4217 671 4287 Graecorum
687 4244 814 4312 quoque
830 4225 1087 4312 spectatissimos
1101 4224 1137 4293 iu
1146 4226 1258 4314 lingua
1273 4243 1339 4314 pro-

189 4546 200 4578 ¹
232 4545 291 4598 Hae
302 4559 389 4598 onmes
399 4544 469 4596 brevi
482 4547 527 4598 sed
538 4547 612 4611 plene
622 4553 648 4609 et
659 4553 732 4614 grets
742 4553 885 4603 natantur.

185 4631 212 4698 ¹)
229 4630 261 4686 cf.
273 4630 368 4722 anm.
377 4625 399 4681 1.
414 4643 439 4694 o.
450 4629 511 4684 372.
