2820 5052
639 275 841 420 *ιιι-

129 500 272 574 tionibus
289 502 365 570 solis
381 502 530 581 volutati,
553 501 594 568 de
608 503 668 570 deo
683 503 773 584 talia,
789 501 897 594 qualia
911 503 951 571 de
967 505 1168 596 semetipsis,
1190 505 1339 594 mgitant.

129 607 223 676 Deus
238 629 315 674 vero
329 603 423 672 nobis
437 605 696 684 innumerabilia,
717 629 853 698 quorum
868 606 939 696 ipse
952 629 1019 677 uon
1033 610 1085 674 est
1098 609 1272 698 particeps,
1291 609 1341 676 de·

130 713 194 779 dit:
217 708 469 798 generationem,
490 707 562 796 ipse
575 705 757 794 ingenitum
778 709 983 788 alimentum,
1007 733 1071 801 quo
1084 733 1149 776 non
1161 715 1253 800 eget;
1269 733 1341 800 aug-

130 816 285 890 mentum,
305 810 361 896 qui
375 809 459 876 idem
475 812 601 887 manet3
625 811 804 910 senectutip
820 814 855 878 et
869 812 984 892 mortis
999 803 1200 896 facultatem,
1220 813 1342 904 quaein

38 963 43 976 .
128 917 236 1006 ipsum
251 937 316 980 non
330 911 427 978 cadit.
473 910 680 1002 Quapropter
694 936 821 990 manus,
837 913 946 1002 pedes,
963 937 1010 994 os,
1029 916 1153 996 oculos,
1168 915 1342 1002 ingressus,

130 1039 294 1106 egressus,
314 1015 391 1093 iras,
407 1015 511 1082 minas
526 1037 622 1092 nemo
635 1005 721 1106 apud
736 1015 925 1084 Haebraeos
941 1017 1005 1084 diei
1025 1015 1077 1086 dei
1091 1017 1281 1086 affectiones
1292 1042 1342 1086 er-

131 1121 289 1197 sis'timet3
314 1121 392 1201 sunt
412 1117 496 1184 enim
513 1117 684 1206 allegorice
700 1118 899 1206 explicanda.
944 1117 1011 1186 Sed
1030 1119 1121 1186 illam
1140 1144 1160 1186 a
1179 1122 1342 1210 perturba·

130 1222 274 1291 tionibus
291 1221 537 1310 separationem,
559 1221 594 1286 iu
608 1243 672 1310 qua
685 1221 755 1288 vita
770 1219 920 1307 gnostica
934 1220 1088 1300 cernitur,
1108 1219 1241 1302 Graeci,
1263 1224 1344 1292 velut

133 1323 363 1400 Callimachus,
379 1316 625 1402 Isocrates,'alii
639 1323 680 1390 ab
696 1320 857 1390 Hebraeis
871 1326 1075 1410 acceperunt.
1121 1323 1291 1408 Quaenam
1306 1327 1343 1392 sit

130 1430 241 1494 autem
261 1425 442 1514 cognitio
461 1449 502 1492 ne
518 1425 706 1492 somniando
721 1424 850 1514 quidem
870 1427 1000 1492 norunt
1046 1424 1082 1490 Si
1106 1447 1185 1514 ergo
1201 1429 1343 1496 convenit

130 1531 290 1598 internos
305 1529 445 1619 quidem,
466 1527 683 1614 cognitionem
698 1526 806 1594 cibum
821 1549 893 1594 esse
908 1526 1115 1606 rationalem,
1145 1551 1261 1598 revera
1275 1533 1342 1616 sunt

131 1631 256 1710 beati,
279 1634 318 1698 ut
338 1631 431 1697 aiunt
455 1629 583 1696 divinae
610 1629 804 1718 scripturae,
827 1630 883 1718 qui
909 1629 1095 1696 esuriunt
1127 1634 1168 1700 et
1203 1633 1342 1699 sitiunt

130 1735 319 1813 veritatem,
355 1733 507 1822 quoniam
537 1731 816 1820 implebuntur
843 1727 997 1802 alimento
1026 1737 1169 1800 aeterno.
1223 1734 1341 1818 Quibus

130 1837 277 1904 nesciens
293 1834 483 1901 mirabiliter
503 1833 666 1900 consentit
679 1833 864 1921 Euripides,
886 1837 921 1900 et
935 1834 1084 1914 Patrem,
1108 1839 1143 1904 et
1156 1837 1293 1916 Filium,
1314 1840 1343 1903 et

131 1937 333 2016 sacrificium,
352 1939 386 2004 et
401 1936 619 2023 cognitionem
638 1935 796 2026 indicans.
842 1935 935 2018 Quae
957 1962 1056 2028 quum
1072 1939 1121 2006 ita
1142 1962 1177 2008 se
1199 1939 1340 2015 habeant,

129 2042 245 2109 merito
259 2041 358 2108 etiam
369 2040 404 2106 in
418 2039 597 2127 mysteriis,
612 2061 695 2129 quae
709 2038 793 2106 fiunt
807 2039 894 2126 apud
910 2037 1065 2118 Graecos,
1090 2041 1232 2130 primum
1247 2043 1340 2108 locum

129 2147 250 2212 tenent.
268 2143 497 2222 lustrationes,
528 2141 615 2208 sicut
635 2140 733 2206 etiam
756 2141 842 2228 apud
868 2140 1023 2213 barbaros
1049 2143 1227 2212 lavacrum.
1269 2143 1341 2211 Post

129 2247 208 2314 haec
219 2249 329 2314 autem
345 2249 424 2312 sunt
438 2267 539 2336 parva
553 2243 730 2331 mysteria,
742 2265 824 2331 quae
839 2243 960 2324 babent
979 2245 1109 2334 aliquod
1129 2245 1295 2312 doctrinae
1312 2246 1340 2310 et

128 2345 843 2438 praeparationisfuturorumfundamentum.
865 2345 903 2412 ln
911 2347 1039 2433 magnis
1051 2370 1126 2416 vero
1137 2348 1179 2414 de
1190 2345 1339 2416 universis

129 2474 195 2517 non
209 2453 316 2528 restat
329 2452 368 2516 ut
382 2449 521 2536 amplius
536 2449 693 2526 discatur,
717 2446 774 2514 sed
789 2449 1000 2536 contemplari
1015 2451 1173 2540 incipiant
1195 2454 1231 2518 et
1244 2450 1339 2516 mente

130 2551 399 2640 comprehendere
414 2555 449 2616 et
462 2553 614 2616 naturam
628 2562 663 2616 et
676 2571 728 2616 res
744 2548 844 2636 ipsas.
874 2549 942 2618 Nos
953 2575 1037 2620 ,vero
1049 2553 1184 2642 expiati,
1201 2550 1338 2626 confessi,

129 2679 150 2722 a
164 2677 296 2742 corpore
309 2654 413 2740 magis
428 2653 597 2740 magisque
609 2640 778 2728 a'bstraeti,
794 2653 905 2732 abeis,
922 2677 1004 2744 quae
1015 2654 1076 2721 sub
1088 2677 1206 2724 sensus
1218 2654 1338 2740 cadunt,

130 2758 309 2825 transimus
325 2757 368 2824 ad
380 2754 696 2843 contemplationem,
718 2776 800 2842 quae
815 2754 854 2820 fit
870 2755 1060 2825 solamente
1075 2760 1110 2822 et
1130 2758 1337 2845 nosmetipsos

129 2859 223 2948 quasi
247 2859 434 2948 proiicimus
459 2859 494 2924 in
522 2855 647 2924 Christi
668 2857 934 2942 magnitudinem.
979 2857 1106 2942 Quodsi
1130 2860 1207 2928 inde
1227 2862 1261 2926 in
1278 2858 1337 2926 eius

130 2961 384 3030 immensitatem
400 2961 576 3028 sanctitate
590 2961 855 3042 processerimus,
871 2961 913 3028 ad
932 2960 1183 3048 intelligentiam
1205 2963 1337 3049 omnipo·

129 3063 231 3132 tentis
246 3067 410 3151 utcunque
424 3063 666 3152 perveniemus,
687 3085 753 3130 non
772 3062 821 3128 ita
840 3065 960 3140 tamen,
976 3065 1015 3130 ut
1029 3065 1115 3149 quod
1130 3068 1196 3133 est
1211 3084 1336 3152 cognos-

128 3189 250 3246 camus,
274 3169 332 3233 sed
352 3167 438 3256 quod
453 3157 529 3232 non
551 3167 613 3232 est.
656 3164 781 3252 Figura
803 3165 887 3230 enim
901 3166 1079 3236 velmotus
1100 3166 1154 3239 vel
1173 3169 1281 3234 status
1294 3160 1336 3229 vel

129 3271 223 3338 sedes
238 3271 290 3338 vel
304 3271 394 3335 locus
410 3269 461 3334 vel
476 3268 591 3334 dextra
605 3265 656 3332 vel
672 3267 805 3334 sinistra
819 3267 859 3334 de
874 3267 973 3334 Patre
983 3269 1207 3336 universorum
1219 3291 1258 3334 ne
1269 3265 1337 3334 sunt

84 3417 89 3422 ·
129 3371 259 3460 quidem
274 3371 463 3458 cogitanda3
502 3369 649 3456 quamvis
665 3369 744 3438 haec
764 3371 890 3458 deipso
911 3370 1037 3459 scripta
1054 3371 1136 3449 sint3
1174 3370 1253 3458 quid
1271 3385 1335 3434 vero

129 3475 293 3561 significet
316 3495 427 3540 eorum
451 3473 703 3559 unumquodque
727 3473 918 3541 ostendetur
944 3495 1002 3538 suo
1025 3472 1124 3544 loco.
1158 3472 1270 3560 Neque
1291 3467 1335 3536 est

128 3577 231 3664 igitur
245 3577 350 3666 prima
364 3597 464 3642 causa
482 3575 517 3642 in
531 3575 613 3654 loco,
630 3575 687 3642 sed
702 3597 801 3662 supra
815 3576 920 3640 locum
934 3581 967 3643 et
983 3577 1113 3664 tempus
1132 3578 1167 3641 et
1181 3593 1294 3642 nomen
1306 3569 1335 3632 et

128 3679 386 3768 intelligentiam.
416 3678 634 3760 Quamobrem
649 3679 783 3766 Moyses
796 3700 922 3764 quoque
936 3677 1042 3744 dicit:·
1056 3675 1236 3768 Ostende
1249 3668 1333 3740 mihi

128 3781 319 3871 teipsum,
343 3782 588 3870 evidentissime
600 3782 694 3848 deum
706 3803 770 3847 non
784 3803 881 3868 posse
896 3780 1003 3868 doceri
1021 3780 1179 3857 indicans,
1199 3799 1258 3844 nee
1270 3793 1332 3840 ver-

129 3884 179 3950 bis
192 3883 329 3972 exprimi
344 3883 385 3950 ab
400 3883 599 3964 hominibus,
624 3885 681 3951 sed
695 3907 733 3950 ea
749 3883 833 3961 sola,
863 3905 945 3969 quae
965 3883 1006 3948 ab
1026 3883 1098 3970 ipso
1117 3877 1331 3972 proficiscitur,

128 3990 294 4075 potestate
307 4009 405 4076 posse
420 3987 582 4074 cognosci.
625 3985 800 4073 Inquisitio
816 3985 1054 4057 enim-obscura
1068 3987 1103 4052 et
1116 4006 1220 4064 caeca,
1236 3973 1331 4069 gretit

129 4092 239 4156 autem
254 4089 448 4176 cognitionis
465 4092 518 4156 est
531 4089 572 4154 ab
587 4088 659 4176 ipso
674 4111 733 4176 per
746 4089 876 4156 Filium.
891 4135 895 4140 -
918 4088 1037 4174 Itaque
1051 4087 1219 4156 Salomon:
1240 4081 1341 4164 Pru·¹

129 4191 283 4274 dantia,
313 4191 431 4278 inquit,
452 4191 622 4260 hominis
645 4215 721 4260 non
748 4196 812 4258 est
832 4193 874 4260 iu
899 4212 972 4268 me,
998 4191 1094 4280 deus
1117 4193 1244 4259 autem
1270 4177 1330 4248 dai

129 4294 225 4360 mihi
249 4293 498 4383 sapientiam.
1088 4371 1092 4380 ¹

194 4395 271 4462 dam
293 4419 369 4464 vero
397 4397 539 4464 divinam
565 4394 808 4464 Providentiam
847 4393 997 4480 lign'um
1027 4392 1136 4462 vitae
1168 4377 1339 4482 appellavit

128 4495 274 4585 Moyses,
296 4499 383 4586 quod
401 4500 586 4589 plantatum
600 4499 664 4566 luit
682 4497 717 4563 in
731 4495 903 4564 Paradiso:
936 4495 992 4582 qui
1018 4495 1147 4588 quidem
1166 4487 1326 4562 Paradisut

130 4602 243 4688 potest
256 4601 354 4670 etiam
370 4623 442 4671 esse
456 4601 609 4684 mundus,
621 4601 655 4670 in
671 4621 735 4692 quo
749 4599 822 4668 orta
837 4600 916 4668 sunt
928 4599 1144 4688 omnia,‘quae
1158 4601 1324 4688 processere
