2884 5058
176 513 390 598 cognoscendi
409 517 496 584 ratio
508 515 719 590 discernenda
737 527 790 590 est
808 523 976 613 principio
1020 519 1114 606 Quae
1132 523 1288 610 quumita
1304 522 1367 604 sint,

172 611 342 684 Dsehnius
353 618 435 706 ipse,
451 617 651 690 Clementem
662 646 734 693 esre
748 625 1027 714 Neoplatonioum‚
1040 625 1201 715 desperet.
1229 625 1368 696 lunarem
1418 621 1419 690 3

174 713 514 809 demonstretquoque
528 723 695 813 deinceps,
717 749 790 794 eom
811 751 831 796 a
850 728 982 798 Plotino
998 732 1185 817 ‘sepontum
1206 751 1277 798 esse
1294 731 1368 798 toto
1418 791 1419 814 ,

173 821 291 887 coelo.
334 823 417 890 Nam
437 823 517 891 haec
536 829 589 898 est
602 825 723 894 Plotini
737 829 909 917 placitum:
938 851 1050 899 sumus
1073 831 1201 900 divinae
1225 831 1368 900 essentias
1418 817 1419 846 ³

111 987 126 1012 ‚
142 919 149 928 “
171 921 357 1012 participes,
368 965 410 976 --
422 927 529 994 anima
539 929 623 997 enim
636 930 775 998 humana
787 933 881 1020 μέρος
896 937 950 1009 roi
965 935 1054 1013 tend,
1068 956 1124 1000 -e
1139 955 1218 1020 ergo
1230 931 1368 1001 innobia-

173 1025 321 1113 metipsis
337 1028 431 1094 deum
447 1029 647 1118 incognitum
660 1035 895 1120 cognoscimus.
925 1033 1022 1113 „Noa
1037 1035 1142 1104 alieno
1154 1035 1274 1108 lumine
1288 1034 1367 1103 deun

172 1126 347 1208 intuemur,
369 1131 426 1198 ssd
440 1131 500 1199 hoo
514 1133 632 1221 ipsum,
653 1157 719 1222 quo
738 1159 812 1204 snm
832 1136 1072 1223 cognoscimus,
1102 1136 1268 1215 estillud,
1295 1133 1368 1225 quod
1418 1157 1419 1200 ι

171 1229 265 1304 nobis
280 1235 538 1321 cognoscendum
559 1241 681 1319 eston
726 1235 914 1328 Contraque
933 1238 982 1310 ita'
1001 1255 1037 1307 se'
1057 1236 1157 1309 habet
1175 1239 1292 1326 dogma
1306 1235 1366 1304 Cle·
1418 1281 1419 1292 ι

172 1334 301 1412 mentis,
324 1337 379 1426 qui
399 1339 543 1406 essentia
555 1339 715 1406 hominem
735 1341 829 1408 adeo
843 1340 1188 1416 differedisertissimc
1209 1339 1364 1412 identidem

171 1434 320 1502 affirmat.
364 1438 505 1507 Daehnii
530 1445 640 1509 autem
659 1443 765 1510 verbis
785 1445 871 1520 utor.
914 1442 986 1522 „Et
1012 1443 1240 1532 ipsiquoque,
1267 1440 1366 1530 inquit
1418 1467 1419 1538 ι

173 1532 334 1606 Clementi
363 1541 649 1618 demonstrandum
676 1545 749 1621 luit,
779 1546 836 1635 qui
863 1545 933 1616 fieri
961 1544 1084 1634 possit,
1104 1547 1144 1612 ut
1161 1543 1311 1621 interiore
1327 1539 1368 1610 del
1418 1539 1419 1590 l

171 1639 355 1725 cognitione
383 1644 551 1730 glorietur,
580 1668 674 1737 quem
704 1647 784 1716 alias
813 1669 947 1734 prorsus
980 1647 1183 1734 incognitum
1218 1647 1369 1738 professio

151 1741 247 1811 afuit.
310 1746 366 1812 Ad
408 1746 497 1814 aliud
526 1749 629 1836 igitur
661 1750 865 1838 provocavit,
908 1750 995 1840 quod
1021 1750 1102 1838 ipsi,
1139 1751 1261 1840 quippe
1288 1746 1368 1818 Chri.

174 1844 297 1926 stiam,
346 1871 423 1916 sanc
458 1851 640 1939 proximum
675 1850 754 1918 luit:
812 1853 980 1922 contendit
1012 1849 1198 1932 Christum,
1241 1853 1282 1921 'iu
1317 1870 1368 1940 quo

174 1969 286 2016 omnes
311 1949 456 2019 thesauri
482 1955 661 2042 sapientiae
685 1953 843 2022 reconditi
876 1953 929 2033 (ei.
946 1953 1066 2025 stom.
1087 1953 1129 2023 V.
1157 1977 1192 2042 p.
1216 1955 1308 2034 586),Ι
1324 1949 1369 2039 qui

171 2047 224 2118 vel
247 2051 320 2140 ipsa
351 2055 512 2142 sapientia
543 2057 588 2122 sit
623 2056 677 2139 (ci.
696 2057 825 2124 ‘Strom
853 2056 913 2124 lv.
942 2075 976 2144 p.
997 2057 1060 2122 537
1090 2097 1126 2108 -
1159 2057 1245 2126 citat
1272 2051 1367 2119 Dach-

169 2153 244 2220 nius
269 2155 318 2224 ed.
345 2157 500 2244 Sylburg.
521 2197 563 2208 -
607 2161 623 2226 ὁ
649 2163 683 2226 δὲ
708 2162 770 2233 υἱὸς
797 2161 891 2246 σοφία
922 2161 956 2226 τέ
981 2159 1124 2225 ἐστικαὶ
1155 2159 1306 2244 ἐπιστήμη
1327 2153 1368 2224 καὶ

41 2311 45 2319 .
172 2257 306 2342 ἀλήθεια
320 2261 372 2326 καὶ
394 2260 452 2326 dcc
472 2261 553 2328 ἄλλα
574 2263 673 2348 τούτῳ
685 2267 845 2349 συγγενῆ),
873 2275 977 2351 neque
996 2258 1173 2350 quidquam
1202 2259 1254 2332 vel
1275 2259 1368 2348 ipsum

168 2357 317 2437 latuisse,
339 2361 390 2428 vel
401 2363 753 2452 quomodohominibus
767 2367 843 2452 apte
855 2364 999 2434 traderet
1014 2363 1202 2450 ignorasse,
1225 2375 1368 2448 eumque

170 2463 279 2528 certe
303 2461 367 2540 iis,
390 2467 457 2554 qui
477 2487 567 2534 vere
593 2461 819 2534 Christiani
839 2469 934 2544 sint,
958 2467 1041 2534 sive
1062 2469 1286 2556 γνωστικρῖς
1304 2482 1368 2530 om·

169 2563 471 2645 niarevelasse‚
493 2569 613 2636 ctiam
635 2591 694 2651 ea,
731 2591 829 2658 quae
852 2569 962 2636 homo
983 2591 1052 2657 per
1079 2591 1119 2636 se
1140 2580 1368 2655 cognoscere

170 2687 334 2754 prorsus
356 2691 434 2734 non
455 2669 573 2737 valet.
619 2667 703 2736 Cum
719 2671 868 2738 Clemens
883 2671 968 2739 hunc
980 2671 1016 2738 in
1030 2663 1161 2738 modum
1175 2670 1274 2738 fidem
1288 2663 1367 2734 Chri·

171 2768 311 2835 etianam
326 2791 399 2836 cum
413 2770 616 2860 philosophis
631 2795 690 2840 sua
700 2774 914 2854 consociaret,
934 2774 1014 2840 haec
1032 2772 1217 2842 accuratius
1238 2767 1364 2840 conside-

160 2870 272 2938 randa
286 2875 438 2958 sunum).
482 2874 561 2942 Tria
580 2875 633 2942 hic
651 2874 769 2955 habeo,
790 2899 873 2967 quae
893 2898 1054 2944 moneam:
1083 2876 1246 2944 Primum:
1273 2867 1364 2938 Daeh·
1418 2947 1419 2970 χ

170 2972 256 3055 nius,
279 2973 481 3052 Clementem
500 2999 611 3046 revera
629 2999 695 3046 non
719 2999 792 3044 esse
811 2978 1095 3068 Neoplatonioum,
1119 2980 1160 3044 nt
1174 2977 1231 3068 qui
1251 2991 1366 3066 prorsus

170 3077 266 3145 aliam
281 3079 495 3167 cognoscendi
513 3081 672 3147 rationem
688 3083 830 3160 statuat,
859 3082 910 3148 his
930 3081 1012 3170 ipsis
1032 3080 1280 3170 demonstrnvit.
1318 3071 1367 3145 Al·

39 3248 42 3259 ,
169 3183 291 3248 terum:
315 3183 355 3248 de
366 3183 602 3250 consociatione
615 3183 671 3250 illa
684 3182 760 3251 fidei
779 3182 973 3256 christianae
994 3203 1067 3258 cum
1080 3181 1285 3271 philosophia
1296 3177 1367 3256 Neo·

169 3283 334 3372 platonica
347 3287 419 3352 tum
433 3286 561 3352 demn'm
577 3307 681 3352 sermo
700 3306 772 3351 esse
782 3286 914 3374 poterit,
929 3307 1029 3376 quum
1042 3273 1199 3373 plocitutn
1213 3283 1303 3363 illud,
1317 3299 1367 3370 qut
1418 3311 1419 3368 ι

170 3387 267 3454 deum
281 3385 388 3478 quoad
401 3387 587 3465 essentiam,
608 3426 651 3437 -
670 3409 745 3452 nam
761 3387 802 3454 de
815 3387 876 3454 hac
891 3387 960 3458 sola
978 3387 1161 3484 ιιςίίῡιιιηρ-Ι
1182 3387 1225 3455 oh
1244 3387 1367 3466 humum

169 3492 288 3558 natura
302 3491 390 3557 nuda
399 3489 551 3576 cognosci
561 3511 626 3556 non
637 3511 734 3576 posse
743 3493 887 3568 censent,
901 3489 1206 3579 Nooplotonicorum
1217 3487 1367 3578 proprium
1418 3499 1419 3570 l

170 3614 209 3660 ao
223 3593 387 3682 privatum
401 3615 484 3671 esse,
499 3590 673 3682 probatum
685 3591 794 3660 inerit.
839 3592 905 3666 Ssd
918 3591 979 3663 hoo
992 3591 1138 3670 Philonis
1153 3594 1217 3672 est,
1238 3591 1298 3672 hoo
1310 3611 1333 3669 a
1346 3606 1367 3664 is

169 3698 223 3762 est
236 3694 480 3784 scripturarum.
523 3693 733 3765 Nonncenim
748 3695 905 3784 scriptum
920 3696 988 3766 ost:
1009 3693 1136 3770 Deum
1156 3715 1267 3774 nemo
1281 3687 1368 3774 utili
1418 3695 1419 3768 l

170 3798 401 3890 nuqunmi³)
421 3795 467 3863 Et
481 3797 594 3864 statim
609 3797 754 3866 additura
777 3797 1023 3884 Unigenitus
1044 3795 1161 3872 filius
1182 3786 1368 3888 (yiditl,qui

170 3905 234 3970 est
267 3900 308 3967 in
345 3899 434 3967 sinu
469 3899 621 3978 Patris,
656 3899 743 3988 ipse
771 3898 1017 3980 ‘cucurrerit
1059 3899 1113 3970 En
1140 3897 1241 3978 hahes
1266 3895 1368 3982 dogm·

168 4007 353 4095 utrumque,
365 4005 400 4070 et
409 4001 577 4094 aptissime
588 4001 718 4094 quidem
728 3995 1368 4092 copuletumsioepbilosophiolieoplato·

168 4107 253 4179 nica.
282 4105 392 4178 Verba
405 4103 456 4172 hic
469 4114 536 4175 noh
548 4105 775 4184 diiudicentur,
790 4103 848 4172 sed
861 4125 915 4172 res
928 4103 1031 4194 ipsae.
1064 4095 1369 4194 Quaecunqnesnim

226 4380 252 4448 ¹)
268 4381 286 4432 1.
298 4381 316 4438 l.
328 4397 354 4450 p.
365 4378 410 4436 80.

225 4463 251 4536 ¹)
267 4464 475 4532 nr.1›.os-oo.
1418 4529 1419 4532 Ἴ

225 4553 252 4620 ⁸)
268 4553 431 4622 linangsee.
444 4549 571 4608 loann.1.
589 4549 632 4608 18.
643 4548 781 4606 causon
791 4547 842 4605 xl.
852 4547 900 4604 lte
917 4547 1014 4614 ,demo
1025 4547 1097 4600 norit
1110 4545 1276 4618 Fffiflmaffiitl
1285 4543 1367 4614 ms
1418 4593 1419 4628 3

174 4653 257 4710 neque
266 4639 371 4699 Patren
382 4641 439 4711 quis
449 4635 689 4705 sementaritiam
699 4641 726 4690 et
736 4637 778 4691 cni
788 4635 896 4693 runem
904 4635 985 4692 umus
995 4633 1131 4704 arolam!
1418 4651 1419 4680 z
