<?xml version="1.0" encoding="UTF-8"?>
<!DOCTYPE html PUBLIC "-//W3C//DTD XHTML 1.0 Transitional//EN"
    "http://www.w3.org/TR/xhtml1/DTD/xhtml1-transitional.dtd">
<html xmlns="http://www.w3.org/1999/xhtml" xml:lang="en" lang="en">
 <head>
  <title>
</title>
<meta http-equiv="Content-Type" content="text/html;charset=utf-8" />
  <meta name='ocr-system' content='tesseract 3.04.00' />
  <meta name='ocr-capabilities' content='ocr_page ocr_carea ocr_par ocr_line ocrx_word'/>
</head>
<body>
  <div class='ocr_page' id='page_1' title='image "./clemente00reingoog_0080.png"; bbox 0 0 2972 5048; ppageno 0'>
   <div class='ocr_carea' id='block_1_1' title="bbox 644 314 885 380">
    <p class='ocr_par' dir='ltr' id='par_1_1' title="bbox 644 314 885 380">
     <span class='ocr_line' id='line_1_1' title="bbox 644 314 885 380; baseline 0 0"><span class='ocrx_word' id='word_1_1' title='bbox 644 314 742 380; x_wconf 69' lang='lat'>631</span> <span class='ocrx_word' id='word_1_2' title='bbox 880 319 885 340; x_wconf 83' lang='lat'><em>¹</em></span> 
     </span>
    </p>
   </div>
   <div class='ocr_carea' id='block_1_2' title="bbox 80 495 1379 3761">
    <p class='ocr_par' dir='ltr' id='par_1_2' title="bbox 96 495 1316 1300">
     <span class='ocr_line' id='line_1_2' title="bbox 106 495 1268 588; baseline 0 -20"><span class='ocrx_word' id='word_1_3' title='bbox 106 498 224 578; x_wconf 83' lang='lat' dir='ltr'>deorum,</span> <span class='ocrx_word' id='word_1_4' title='bbox 247 517 423 570; x_wconf 85' lang='lat' dir='ltr'>conserves.</span> <span class='ocrx_word' id='word_1_5' title='bbox 467 495 533 567; x_wconf 87' lang='lat' dir='ltr'>Sed</span> <span class='ocrx_word' id='word_1_6' title='bbox 563 498 613 568; x_wconf 88' lang='lat' dir='ltr'>vel</span> <span class='ocrx_word' id='word_1_7' title='bbox 638 519 709 574; x_wconf 82' lang='lat' dir='ltr'>eom</span> <span class='ocrx_word' id='word_1_8' title='bbox 730 496 772 567; x_wconf 91' lang='lat' dir='ltr'>ob</span> <span class='ocrx_word' id='word_1_9' title='bbox 796 514 928 572; x_wconf 73' lang='lat' dir='ltr'>usumin</span> <span class='ocrx_word' id='word_1_10' title='bbox 940 499 1141 588; x_wconf 78' lang='lat' dir='ltr'>continentis</span> <span class='ocrx_word' id='word_1_11' title='bbox 1165 499 1268 580; x_wconf 75' lang='lat' dir='ltr'>unus,</span> 
     </span>
     <span class='ocr_line' id='line_1_3' title="bbox 105 592 1316 692; baseline 0.004 -26"><span class='ocrx_word' id='word_1_12' title='bbox 105 601 171 688; x_wconf 81' lang='lat' dir='ltr'>quod,</span> <span class='ocrx_word' id='word_1_13' title='bbox 184 601 230 690; x_wconf 92' lang='lat' dir='ltr'>qui</span> <span class='ocrx_word' id='word_1_14' title='bbox 243 601 358 682; x_wconf 82' lang='lat' dir='ltr'>omnia,</span> <span class='ocrx_word' id='word_1_15' title='bbox 377 621 459 692; x_wconf 84' lang='lat' dir='ltr'>quoe</span> <span class='ocrx_word' id='word_1_16' title='bbox 469 599 631 679; x_wconf 68' lang='lat' dir='ltr'>luserint,</span> <span class='ocrx_word' id='word_1_17' title='bbox 646 601 776 682; x_wconf 80' lang='lat' dir='ltr'>egerint</span> <span class='ocrx_word' id='word_1_18' title='bbox 788 622 926 691; x_wconf 89' lang='lat' dir='ltr'>quoque,</span> <span class='ocrx_word' id='word_1_19' title='bbox 942 600 975 668; x_wconf 89' lang='lat' dir='ltr'>hi</span> <span class='ocrx_word' id='word_1_20' title='bbox 990 601 1082 668; x_wconf 81' lang='lat' dir='ltr'>focile</span> <span class='ocrx_word' id='word_1_21' title='bbox 1101 602 1135 670; x_wconf 93' lang='lat' dir='ltr'>in</span> <span class='ocrx_word' id='word_1_22' title='bbox 1153 602 1268 670; x_wconf 82' lang='lat' dir='ltr'>illicito</span> <span class='ocrx_word' id='word_1_23' title='bbox 1306 592 1316 624; x_wconf 66' lang='lat'><em>³</em></span> 
     </span>
     <span class='ocr_line' id='line_1_4' title="bbox 99 701 1268 794; baseline 0.002 -26"><span class='ocrx_word' id='word_1_24' title='bbox 99 701 193 771; x_wconf 81' lang='lat' dir='ltr'>cudent</span> <span class='ocrx_word' id='word_1_25' title='bbox 227 702 291 770; x_wconf 90' lang='lat' dir='ltr'>Neo</span> <span class='ocrx_word' id='word_1_26' title='bbox 305 725 380 770; x_wconf 88' lang='lat' dir='ltr'>vero</span> <span class='ocrx_word' id='word_1_27' title='bbox 403 702 551 772; x_wconf 87' lang='lat' dir='ltr'>omnibus</span> <span class='ocrx_word' id='word_1_28' title='bbox 572 704 622 770; x_wconf 87' lang='lat' dir='ltr'>uti</span> <span class='ocrx_word' id='word_1_29' title='bbox 635 703 726 780; x_wconf 82' lang='lat' dir='ltr'>licet3</span> <span class='ocrx_word' id='word_1_30' title='bbox 749 703 896 792; x_wconf 76' lang='lat' dir='ltr'>quemvis</span> <span class='ocrx_word' id='word_1_31' title='bbox 912 704 997 770; x_wconf 89' lang='lat' dir='ltr'>enim</span> <span class='ocrx_word' id='word_1_32' title='bbox 1011 703 1119 772; x_wconf 83' lang='lat' dir='ltr'>omnio</span> <span class='ocrx_word' id='word_1_33' title='bbox 1135 708 1268 794; x_wconf 89' lang='lat' dir='ltr'>propter</span> 
     </span>
     <span class='ocr_line' id='line_1_5' title="bbox 99 801 1266 897; baseline 0.005 -31"><span class='ocrx_word' id='word_1_34' title='bbox 99 801 206 893; x_wconf 81' lang='lat' dir='ltr'>honines</span> <span class='ocrx_word' id='word_1_35' title='bbox 219 804 304 872; x_wconf 80' lang='lat' dir='ltr'>lecte</span> <span class='ocrx_word' id='word_1_36' title='bbox 319 809 406 884; x_wconf 86' lang='lat' dir='ltr'>sunt,</span> <span class='ocrx_word' id='word_1_37' title='bbox 422 808 532 872; x_wconf 86' lang='lat' dir='ltr'>temen</span> <span class='ocrx_word' id='word_1_38' title='bbox 547 826 651 894; x_wconf 89' lang='lat' dir='ltr'>neque</span> <span class='ocrx_word' id='word_1_39' title='bbox 666 805 814 872; x_wconf 89' lang='lat' dir='ltr'>omnibus</span> <span class='ocrx_word' id='word_1_40' title='bbox 829 805 894 872; x_wconf 85' lang='lat' dir='ltr'>frui</span> <span class='ocrx_word' id='word_1_41' title='bbox 906 805 1054 874; x_wconf 89' lang='lat' dir='ltr'>iubemur</span> <span class='ocrx_word' id='word_1_42' title='bbox 1065 828 1169 897; x_wconf 90' lang='lat' dir='ltr'>neque</span> <span class='ocrx_word' id='word_1_43' title='bbox 1179 807 1266 874; x_wconf 89' lang='lat' dir='ltr'>omni</span> 
     </span>
     <span class='ocr_line' id='line_1_6' title="bbox 101 905 1267 996; baseline 0.005 -26"><span class='ocrx_word' id='word_1_44' title='bbox 101 905 213 992; x_wconf 84' lang='lat' dir='ltr'>tempore.</span> <span class='ocrx_word' id='word_1_45' title='bbox 252 905 323 974; x_wconf 82' lang='lat' dir='ltr'>Lex</span> <span class='ocrx_word' id='word_1_46' title='bbox 343 912 452 975; x_wconf 84' lang='lat' dir='ltr'>cutem</span> <span class='ocrx_word' id='word_1_47' title='bbox 469 905 616 974; x_wconf 84' lang='lat' dir='ltr'>Judeeos</span> <span class='ocrx_word' id='word_1_48' title='bbox 636 905 773 996; x_wconf 79' lang='lat' dir='ltr'>plurime</span> <span class='ocrx_word' id='word_1_49' title='bbox 799 905 964 975; x_wconf 81' lang='lat' dir='ltr'>comedere</span> <span class='ocrx_word' id='word_1_50' title='bbox 989 909 1139 988; x_wconf 77' lang='lat' dir='ltr'>vetabat,</span> <span class='ocrx_word' id='word_1_51' title='bbox 1165 909 1267 976; x_wconf 89' lang='lat' dir='ltr'>donec</span> 
     </span>
     <span class='ocr_line' id='line_1_7' title="bbox 102 1007 1290 1095; baseline 0.008 -23"><span class='ocrx_word' id='word_1_52' title='bbox 102 1007 290 1092; x_wconf 80' lang='lat' dir='ltr'>proclivitatem</span> <span class='ocrx_word' id='word_1_53' title='bbox 304 1009 348 1074; x_wconf 83' lang='lat' dir='ltr'>nd</span> <span class='ocrx_word' id='word_1_54' title='bbox 361 1009 522 1086; x_wconf 82' lang='lat' dir='ltr'>luxuriem</span> <span class='ocrx_word' id='word_1_55' title='bbox 543 1007 724 1087; x_wconf 72' lang='lat' dir='ltr'>delicatam,</span> <span class='ocrx_word' id='word_1_56' title='bbox 746 1031 828 1095; x_wconf 80' lang='lat' dir='ltr'>quae</span> <span class='ocrx_word' id='word_1_57' title='bbox 846 1031 886 1077; x_wconf 83' lang='lat' dir='ltr'>ox</span> <span class='ocrx_word' id='word_1_58' title='bbox 906 1009 1139 1078; x_wconf 87' lang='lat' dir='ltr'>consuetudine</span> <span class='ocrx_word' id='word_1_59' title='bbox 1158 1011 1290 1082; x_wconf 44' lang='lat' dir='ltr'>nosci-r</span> 
     </span>
     <span class='ocr_line' id='line_1_8' title="bbox 100 1109 1267 1202; baseline 0.007 -30"><span class='ocrx_word' id='word_1_60' title='bbox 100 1110 143 1190; x_wconf 80' lang='lat' dir='ltr'>lus,</span> <span class='ocrx_word' id='word_1_61' title='bbox 159 1109 355 1179; x_wconf 72' lang='lat' dir='ltr'>dissolvisset</span> <span class='ocrx_word' id='word_1_62' title='bbox 399 1111 536 1180; x_wconf 84' lang='lat' dir='ltr'>Accedit</span> <span class='ocrx_word' id='word_1_63' title='bbox 554 1135 661 1200; x_wconf 88' lang='lat' dir='ltr'>porro,</span> <span class='ocrx_word' id='word_1_64' title='bbox 682 1110 769 1200; x_wconf 88' lang='lat' dir='ltr'>quod</span> <span class='ocrx_word' id='word_1_65' title='bbox 795 1133 835 1178; x_wconf 85' lang='lat' dir='ltr'>ex</span> <span class='ocrx_word' id='word_1_66' title='bbox 853 1110 914 1178; x_wconf 86' lang='lat' dir='ltr'>hac</span> <span class='ocrx_word' id='word_1_67' title='bbox 934 1111 1078 1181; x_wconf 90' lang='lat' dir='ltr'>ciborum</span> <span class='ocrx_word' id='word_1_68' title='bbox 1098 1114 1267 1202; x_wconf 76' lang='lat' dir='ltr'>voluptate</span> 
     </span>
     <span class='ocr_line' id='line_1_9' title="bbox 96 1211 643 1300; baseline 0.013 -28"><span class='ocrx_word' id='word_1_69' title='bbox 96 1211 188 1298; x_wconf 81' lang='lat' dir='ltr'>corpori</span> <span class='ocrx_word' id='word_1_70' title='bbox 199 1213 294 1282; x_wconf 87' lang='lat' dir='ltr'>multo</span> <span class='ocrx_word' id='word_1_71' title='bbox 308 1214 459 1284; x_wconf 87' lang='lat' dir='ltr'>oriuntur</span> <span class='ocrx_word' id='word_1_72' title='bbox 473 1212 643 1300; x_wconf 78' lang='lat' dir='ltr'>domno1).</span> 
     </span>
    </p>

    <p class='ocr_par' dir='ltr' id='par_1_3' title="bbox 83 1310 1333 3040">
     <span class='ocr_line' id='line_1_10' title="bbox 139 1310 1266 1404; baseline 0.005 -27"><span class='ocrx_word' id='word_1_73' title='bbox 139 1310 270 1382; x_wconf 84' lang='lat' dir='ltr'>Similiter</span> <span class='ocrx_word' id='word_1_74' title='bbox 294 1320 404 1392; x_wconf 80' lang='lat' dir='ltr'>sutem</span> <span class='ocrx_word' id='word_1_75' title='bbox 430 1315 471 1385; x_wconf 87' lang='lat' dir='ltr'>do</span> <span class='ocrx_word' id='word_1_76' title='bbox 494 1318 576 1404; x_wconf 88' lang='lat' dir='ltr'>potu</span> <span class='ocrx_word' id='word_1_77' title='bbox 604 1313 821 1396; x_wconf 81' lang='lat' dir='ltr'>iudicandum.</span> <span class='ocrx_word' id='word_1_78' title='bbox 875 1311 1042 1382; x_wconf 75' lang='lat' dir='ltr'>Naturalis</span> <span class='ocrx_word' id='word_1_79' title='bbox 1075 1314 1266 1402; x_wconf 87' lang='lat' dir='ltr'>sobriusque</span> 
     </span>
     <span class='ocr_line' id='line_1_11' title="bbox 94 1413 1265 1503; baseline 0.007 -27"><span class='ocrx_word' id='word_1_80' title='bbox 94 1413 175 1496; x_wconf 87' lang='lat' dir='ltr'>potus,</span> <span class='ocrx_word' id='word_1_81' title='bbox 189 1416 236 1502; x_wconf 91' lang='lat' dir='ltr'>qui</span> <span class='ocrx_word' id='word_1_82' title='bbox 250 1418 437 1498; x_wconf 81' lang='lat' dir='ltr'>sitientibus</span> <span class='ocrx_word' id='word_1_83' title='bbox 450 1417 652 1486; x_wconf 81' lang='lat' dir='ltr'>necessarius</span> <span class='ocrx_word' id='word_1_84' title='bbox 666 1421 730 1496; x_wconf 85' lang='lat' dir='ltr'>est,</span> <span class='ocrx_word' id='word_1_85' title='bbox 746 1439 829 1503; x_wconf 84' lang='lat' dir='ltr'>aque</span> <span class='ocrx_word' id='word_1_86' title='bbox 844 1415 963 1482; x_wconf 80' lang='lat' dir='ltr'>evadit.</span> <span class='ocrx_word' id='word_1_87' title='bbox 1002 1415 1087 1484; x_wconf 88' lang='lat' dir='ltr'>Vino</span> <span class='ocrx_word' id='word_1_88' title='bbox 1101 1417 1265 1487; x_wconf 88' lang='lat' dir='ltr'>interdum</span> 
     </span>
     <span class='ocr_line' id='line_1_12' title="bbox 96 1515 1265 1607; baseline 0.008 -29"><span class='ocrx_word' id='word_1_89' title='bbox 96 1515 263 1586; x_wconf 83' lang='lat' dir='ltr'>utnedicina</span> <span class='ocrx_word' id='word_1_90' title='bbox 277 1521 328 1588; x_wconf 85' lang='lat' dir='ltr'>uti</span> <span class='ocrx_word' id='word_1_91' title='bbox 339 1520 427 1600; x_wconf 78' lang='lat' dir='ltr'>lieet¹</span> <span class='ocrx_word' id='word_1_92' title='bbox 445 1519 481 1592; x_wconf 90' lang='lat' dir='ltr'>id</span> <span class='ocrx_word' id='word_1_93' title='bbox 495 1519 582 1607; x_wconf 87' lang='lat' dir='ltr'>qu‘od</span> <span class='ocrx_word' id='word_1_94' title='bbox 601 1518 724 1589; x_wconf 83' lang='lat' dir='ltr'>Paulus</span> <span class='ocrx_word' id='word_1_95' title='bbox 744 1517 918 1589; x_wconf 84' lang='lat' dir='ltr'>Timotheo</span> <span class='ocrx_word' id='word_1_96' title='bbox 936 1517 1051 1586; x_wconf 80' lang='lat' dir='ltr'>sucsit.</span> <span class='ocrx_word' id='word_1_97' title='bbox 1094 1518 1265 1586; x_wconf 86' lang='lat' dir='ltr'>Iuventnti</span> 
     </span>
     <span class='ocr_line' id='line_1_13' title="bbox 97 1617 1316 1708; baseline 0.006 -32"><span class='ocrx_word' id='word_1_98' title='bbox 97 1633 148 1680; x_wconf 90' lang='lat' dir='ltr'>vero</span> <span class='ocrx_word' id='word_1_99' title='bbox 158 1617 266 1688; x_wconf 89' lang='lat' dir='ltr'>llorsnti</span> <span class='ocrx_word' id='word_1_100' title='bbox 280 1624 379 1690; x_wconf 81' lang='lat' dir='ltr'>nocet</span> <span class='ocrx_word' id='word_1_101' title='bbox 394 1643 490 1708; x_wconf 82' lang='lat' dir='ltr'>quom</span> <span class='ocrx_word' id='word_1_102' title='bbox 501 1622 650 1696; x_wconf 80' lang='lat' dir='ltr'>maxime,</span> <span class='ocrx_word' id='word_1_103' title='bbox 666 1621 743 1688; x_wconf 92' lang='lat' dir='ltr'>dum</span> <span class='ocrx_word' id='word_1_104' title='bbox 757 1620 843 1708; x_wconf 86' lang='lat' dir='ltr'>ignis</span> <span class='ocrx_word' id='word_1_105' title='bbox 855 1619 986 1686; x_wconf 82' lang='lat' dir='ltr'>additur</span> <span class='ocrx_word' id='word_1_106' title='bbox 998 1618 1078 1706; x_wconf 82' lang='lat' dir='ltr'>igni,</span> <span class='ocrx_word' id='word_1_107' title='bbox 1094 1621 1178 1686; x_wconf 91' lang='lat' dir='ltr'>unde</span> <span class='ocrx_word' id='word_1_108' title='bbox 1189 1620 1264 1686; x_wconf 90' lang='lat' dir='ltr'>libi·</span> <span class='ocrx_word' id='word_1_109' title='bbox 1314 1675 1316 1683; x_wconf 93' lang='lat'><em>.</em></span> 
     </span>
     <span class='ocr_line' id='line_1_14' title="bbox 96 1714 1263 1812; baseline 0.009 -34"><span class='ocrx_word' id='word_1_110' title='bbox 96 1714 425 1812; x_wconf 78' lang='lat' dir='ltr'>dinesetirnpudentio3</span> <span class='ocrx_word' id='word_1_111' title='bbox 447 1746 512 1792; x_wconf 91' lang='lat' dir='ltr'>non</span> <span class='ocrx_word' id='word_1_112' title='bbox 526 1724 605 1792; x_wconf 90' lang='lat' dir='ltr'>item</span> <span class='ocrx_word' id='word_1_113' title='bbox 626 1723 816 1802; x_wconf 86' lang='lat' dir='ltr'>senioribus,</span> <span class='ocrx_word' id='word_1_114' title='bbox 838 1721 956 1808; x_wconf 91' lang='lat' dir='ltr'>quibus</span> <span class='ocrx_word' id='word_1_115' title='bbox 975 1722 1042 1788; x_wconf 88' lang='lat' dir='ltr'>vini</span> <span class='ocrx_word' id='word_1_116' title='bbox 1063 1723 1263 1810; x_wconf 81' lang='lat' dir='ltr'>aliquantum</span> 
     </span>
     <span class='ocr_line' id='line_1_15' title="bbox 94 1822 1263 1920; baseline 0.009 -39"><span class='ocrx_word' id='word_1_117' title='bbox 94 1822 263 1904; x_wconf 81' lang='lat' dir='ltr'>mnoedimus,</span> <span class='ocrx_word' id='word_1_118' title='bbox 290 1830 333 1894; x_wconf 84' lang='lat' dir='ltr'>ut</span> <span class='ocrx_word' id='word_1_119' title='bbox 357 1826 476 1897; x_wconf 82' lang='lat' dir='ltr'>estatis</span> <span class='ocrx_word' id='word_1_120' title='bbox 500 1826 604 1913; x_wconf 81' lang='lat' dir='ltr'>frigus</span> <span class='ocrx_word' id='word_1_121' title='bbox 634 1828 832 1915; x_wconf 83' lang='lat' dir='ltr'>temperetur</span> <span class='ocrx_word' id='word_1_122' title='bbox 862 1823 985 1890; x_wconf 77' lang='lat' dir='ltr'>fervido</span> <span class='ocrx_word' id='word_1_123' title='bbox 1010 1823 1087 1892; x_wconf 87' lang='lat' dir='ltr'>vitis</span> <span class='ocrx_word' id='word_1_124' title='bbox 1112 1827 1263 1920; x_wconf 86' lang='lat' dir='ltr'>remedio.</span> 
     </span>
     <span class='ocr_line' id='line_1_16' title="bbox 96 1915 1263 2017; baseline 0.006 -29"><span class='ocrx_word' id='word_1_125' title='bbox 96 1915 180 2006; x_wconf 77' lang='lat' dir='ltr'>Neque</span> <span class='ocrx_word' id='word_1_126' title='bbox 193 1928 266 1996; x_wconf 90' lang='lat' dir='ltr'>enim</span> <span class='ocrx_word' id='word_1_127' title='bbox 290 1930 472 2004; x_wconf 84' lang='lat' dir='ltr'>senectutis</span> <span class='ocrx_word' id='word_1_128' title='bbox 497 1929 716 2017; x_wconf 85' lang='lat' dir='ltr'>appetitiones</span> <span class='ocrx_word' id='word_1_129' title='bbox 741 1927 776 2004; x_wconf 92' lang='lat' dir='ltr'>in</span> <span class='ocrx_word' id='word_1_130' title='bbox 801 1925 969 1994; x_wconf 81' lang='lat' dir='ltr'>ebrietatis</span> <span class='ocrx_word' id='word_1_131' title='bbox 994 1926 1173 2015; x_wconf 81' lang='lat' dir='ltr'>naufragiis</span> <span class='ocrx_word' id='word_1_132' title='bbox 1198 1929 1263 1995; x_wconf 86' lang='lat' dir='ltr'>ism</span> 
     </span>
     <span class='ocr_line' id='line_1_17' title="bbox 101 2019 1264 2120; baseline 0.015 -39"><span class='ocrx_word' id='word_1_133' title='bbox 101 2019 176 2089; x_wconf 87' lang='lat' dir='ltr'>solent</span> <span class='ocrx_word' id='word_1_134' title='bbox 187 2027 350 2102; x_wconf 76' lang='lat' dir='ltr'>fluctuare.-</span> <span class='ocrx_word' id='word_1_135' title='bbox 389 2029 576 2098; x_wconf 84' lang='lat' dir='ltr'>Vinolentio</span> <span class='ocrx_word' id='word_1_136' title='bbox 595 2055 688 2109; x_wconf 91' lang='lat' dir='ltr'>vero,</span> <span class='ocrx_word' id='word_1_137' title='bbox 714 2052 796 2116; x_wconf 83' lang='lat' dir='ltr'>quae</span> <span class='ocrx_word' id='word_1_138' title='bbox 816 2032 951 2120; x_wconf 81' lang='lat' dir='ltr'>praeter</span> <span class='ocrx_word' id='word_1_139' title='bbox 977 2031 1121 2117; x_wconf 90' lang='lat' dir='ltr'>corporis</span> <span class='ocrx_word' id='word_1_140' title='bbox 1146 2032 1264 2098; x_wconf 81' lang='lat' dir='ltr'>damno</span> 
     </span>
     <span class='ocr_line' id='line_1_18' title="bbox 98 2117 1264 2222; baseline 0.005 -28"><span class='ocrx_word' id='word_1_141' title='bbox 98 2117 212 2198; x_wconf 73' lang='lat' dir='ltr'>hominem</span> <span class='ocrx_word' id='word_1_142' title='bbox 234 2133 337 2209; x_wconf 81' lang='lat' dir='ltr'>animi</span> <span class='ocrx_word' id='word_1_143' title='bbox 356 2133 575 2222; x_wconf 80' lang='lat' dir='ltr'>imprudentia</span> <span class='ocrx_word' id='word_1_144' title='bbox 594 2137 629 2201; x_wconf 86' lang='lat' dir='ltr'>et</span> <span class='ocrx_word' id='word_1_145' title='bbox 655 2131 798 2200; x_wconf 83' lang='lat' dir='ltr'>stultitia</span> <span class='ocrx_word' id='word_1_146' title='bbox 822 2130 935 2208; x_wconf 85' lang='lat' dir='ltr'>efficit,</span> <span class='ocrx_word' id='word_1_147' title='bbox 961 2153 1089 2219; x_wconf 87' lang='lat' dir='ltr'>semper</span> <span class='ocrx_word' id='word_1_148' title='bbox 1113 2131 1264 2200; x_wconf 79' lang='lat' dir='ltr'>evitanda</span> 
     </span>
     <span class='ocr_line' id='line_1_19' title="bbox 94 2225 1264 2326; baseline 0.014 -42"><span class='ocrx_word' id='word_1_149' title='bbox 94 2225 136 2288; x_wconf 86' lang='lat' dir='ltr'>est.</span> <span class='ocrx_word' id='word_1_150' title='bbox 153 2229 226 2312; x_wconf 82' lang='lat' dir='ltr'>Quin</span> <span class='ocrx_word' id='word_1_151' title='bbox 238 2238 341 2316; x_wconf 78' lang='lat' dir='ltr'>etium</span> <span class='ocrx_word' id='word_1_152' title='bbox 353 2236 497 2312; x_wconf 81' lang='lat' dir='ltr'>opimum</span> <span class='ocrx_word' id='word_1_153' title='bbox 509 2257 574 2326; x_wconf 82' lang='lat' dir='ltr'>uno</span> <span class='ocrx_word' id='word_1_154' title='bbox 584 2258 663 2306; x_wconf 88' lang='lat' dir='ltr'>oum</span> <span class='ocrx_word' id='word_1_155' title='bbox 669 2256 801 2324; x_wconf 88' lang='lat' dir='ltr'>corpore</span> <span class='ocrx_word' id='word_1_156' title='bbox 810 2233 998 2300; x_wconf 90' lang='lat' dir='ltr'>libidinibus</span> <span class='ocrx_word' id='word_1_157' title='bbox 1010 2237 1143 2322; x_wconf 90' lang='lat' dir='ltr'>propter</span> <span class='ocrx_word' id='word_1_158' title='bbox 1153 2235 1264 2300; x_wconf 87' lang='lat' dir='ltr'>vinum</span> 
     </span>
     <span class='ocr_line' id='line_1_20' title="bbox 90 2324 1263 2432; baseline 0.014 -47"><span class='ocrx_word' id='word_1_159' title='bbox 90 2324 188 2400; x_wconf 75' lang='lat' dir='ltr'>taudem</span> <span class='ocrx_word' id='word_1_160' title='bbox 199 2336 306 2408; x_wconf 90' lang='lat' dir='ltr'>dedito</span> <span class='ocrx_word' id='word_1_161' title='bbox 321 2361 386 2409; x_wconf 89' lang='lat' dir='ltr'>non</span> <span class='ocrx_word' id='word_1_162' title='bbox 397 2342 508 2427; x_wconf 82' lang='lat' dir='ltr'>potest</span> <span class='ocrx_word' id='word_1_163' title='bbox 518 2362 582 2406; x_wconf 91' lang='lat' dir='ltr'>non</span> <span class='ocrx_word' id='word_1_164' title='bbox 594 2338 737 2427; x_wconf 87' lang='lat' dir='ltr'>perdere.</span> <span class='ocrx_word' id='word_1_165' title='bbox 761 2335 827 2403; x_wconf 88' lang='lat' dir='ltr'>Sed</span> <span class='ocrx_word' id='word_1_166' title='bbox 838 2356 963 2402; x_wconf 92' lang='lat' dir='ltr'>omnem</span> <span class='ocrx_word' id='word_1_167' title='bbox 975 2357 1102 2422; x_wconf 88' lang='lat' dir='ltr'>quoque</span> <span class='ocrx_word' id='word_1_168' title='bbox 1117 2334 1263 2432; x_wconf 75' lang='lat' dir='ltr'>decorem</span> 
     </span>
     <span class='ocr_line' id='line_1_21' title="bbox 90 2433 1262 2530; baseline 0.018 -43"><span class='ocrx_word' id='word_1_169' title='bbox 90 2433 176 2500; x_wconf 87' lang='lat' dir='ltr'>evertit</span> <span class='ocrx_word' id='word_1_170' title='bbox 187 2444 279 2526; x_wconf 86' lang='lat' dir='ltr'>potus</span> <span class='ocrx_word' id='word_1_171' title='bbox 294 2441 556 2530; x_wconf 79' lang='lat' dir='ltr'>intemperentia.</span> <span class='ocrx_word' id='word_1_172' title='bbox 601 2437 765 2518; x_wconf 85' lang='lat' dir='ltr'>Christus,</span> <span class='ocrx_word' id='word_1_173' title='bbox 783 2439 849 2526; x_wconf 88' lang='lat' dir='ltr'>qui,</span> <span class='ocrx_word' id='word_1_174' title='bbox 866 2460 964 2524; x_wconf 92' lang='lat' dir='ltr'>quum</span> <span class='ocrx_word' id='word_1_175' title='bbox 980 2462 1054 2506; x_wconf 89' lang='lat' dir='ltr'>vere</span> <span class='ocrx_word' id='word_1_176' title='bbox 1066 2440 1156 2506; x_wconf 85' lang='lat' dir='ltr'>esset</span> <span class='ocrx_word' id='word_1_177' title='bbox 1168 2437 1262 2508; x_wconf 93' lang='lat' dir='ltr'>homo</span> 
     </span>
     <span class='ocr_line' id='line_1_22' title="bbox 87 2537 1262 2629; baseline -0.002 -19"><span class='ocrx_word' id='word_1_178' title='bbox 87 2537 187 2618; x_wconf 70' lang='lat' dir='ltr'>l¹⁰pler</span> <span class='ocrx_word' id='word_1_179' title='bbox 198 2563 264 2622; x_wconf 86' lang='lat' dir='ltr'>nos,</span> <span class='ocrx_word' id='word_1_180' title='bbox 280 2543 416 2622; x_wconf 78' lang='lat' dir='ltr'>bibebat</span> <span class='ocrx_word' id='word_1_181' title='bbox 430 2565 567 2629; x_wconf 81' lang='lat' dir='ltr'>quoque,</span> <span class='ocrx_word' id='word_1_182' title='bbox 583 2543 640 2610; x_wconf 89' lang='lat' dir='ltr'>sed</span> <span class='ocrx_word' id='word_1_183' title='bbox 655 2542 789 2622; x_wconf 85' lang='lat' dir='ltr'>urbane,</span> <span class='ocrx_word' id='word_1_184' title='bbox 806 2540 862 2608; x_wconf 87' lang='lat' dir='ltr'>sed</span> <span class='ocrx_word' id='word_1_185' title='bbox 873 2540 997 2620; x_wconf 89' lang='lat' dir='ltr'>decore,</span> <span class='ocrx_word' id='word_1_186' title='bbox 1008 2541 1090 2608; x_wconf 87' lang='lat' dir='ltr'>utin</span> <span class='ocrx_word' id='word_1_187' title='bbox 1102 2539 1262 2622; x_wconf 86' lang='lat' dir='ltr'>omnibus,</span> 
     </span>
     <span class='ocr_line' id='line_1_23' title="bbox 88 2625 1263 2734; baseline 0.02 -44"><span class='ocrx_word' id='word_1_188' title='bbox 88 2625 120 2692; x_wconf 86' lang='lat' dir='ltr'>sio</span> <span class='ocrx_word' id='word_1_189' title='bbox 130 2631 178 2704; x_wconf 84' lang='lat' dir='ltr'>hoc</span> <span class='ocrx_word' id='word_1_190' title='bbox 189 2640 220 2708; x_wconf 90' lang='lat' dir='ltr'>in</span> <span class='ocrx_word' id='word_1_191' title='bbox 233 2667 268 2712; x_wconf 89' lang='lat' dir='ltr'>re</span> <span class='ocrx_word' id='word_1_192' title='bbox 283 2645 477 2734; x_wconf 85' lang='lat' dir='ltr'>exemplum,</span> <span class='ocrx_word' id='word_1_193' title='bbox 492 2645 579 2731; x_wconf 89' lang='lat' dir='ltr'>quod</span> <span class='ocrx_word' id='word_1_194' title='bbox 593 2645 767 2724; x_wconf 85' lang='lat' dir='ltr'>imitemur,</span> <span class='ocrx_word' id='word_1_195' title='bbox 782 2643 962 2731; x_wconf 81' lang='lat' dir='ltr'>deligemus</span> <span class='ocrx_word' id='word_1_196' title='bbox 979 2647 1118 2732; x_wconf 88' lang='lat' dir='ltr'>oportet.</span> <span class='ocrx_word' id='word_1_197' title='bbox 1154 2643 1263 2714; x_wconf 89' lang='lat' dir='ltr'>Multo</span> 
     </span>
     <span class='ocr_line' id='line_1_24' title="bbox 85 2745 1333 2836; baseline 0.018 -45"><span class='ocrx_word' id='word_1_198' title='bbox 85 2747 139 2798; x_wconf 87' lang='lat' dir='ltr'>vcro</span> <span class='ocrx_word' id='word_1_199' title='bbox 154 2745 249 2832; x_wconf 79' lang='lat' dir='ltr'>magis</span> <span class='ocrx_word' id='word_1_200' title='bbox 270 2748 387 2830; x_wconf 84' lang='lat' dir='ltr'>mulier</span> <span class='ocrx_word' id='word_1_201' title='bbox 412 2751 526 2830; x_wconf 66' lang='lat' dir='ltr'>caveat</span> <span class='ocrx_word' id='word_1_202' title='bbox 550 2771 570 2814; x_wconf 81' lang='lat' dir='ltr'><strong>a</strong></span> <span class='ocrx_word' id='word_1_203' title='bbox 594 2747 742 2836; x_wconf 83' lang='lat' dir='ltr'>crapulo3</span> <span class='ocrx_word' id='word_1_204' title='bbox 765 2745 852 2832; x_wconf 89' lang='lat' dir='ltr'>quod</span> <span class='ocrx_word' id='word_1_205' title='bbox 876 2746 962 2814; x_wconf 88' lang='lat' dir='ltr'>enim</span> <span class='ocrx_word' id='word_1_206' title='bbox 987 2747 1092 2812; x_wconf 89' lang='lat' dir='ltr'>virum</span> <span class='ocrx_word' id='word_1_207' title='bbox 1117 2745 1261 2828; x_wconf 80' lang='lat' dir='ltr'>dedecet,</span> <span class='ocrx_word' id='word_1_208' title='bbox 1330 2749 1333 2763; x_wconf 88' lang='lat'><em>&#39;</em></span> 
     </span>
     <span class='ocr_line' id='line_1_25' title="bbox 83 2833 1261 2933; baseline 0.022 -40"><span class='ocrx_word' id='word_1_209' title='bbox 83 2833 167 2905; x_wconf 83' lang='lat' dir='ltr'>nriori</span> <span class='ocrx_word' id='word_1_210' title='bbox 179 2847 276 2916; x_wconf 82' lang='lat' dir='ltr'>etiem</span> <span class='ocrx_word' id='word_1_211' title='bbox 290 2850 502 2926; x_wconf 78' lang='lat' dir='ltr'>contumeliae</span> <span class='ocrx_word' id='word_1_212' title='bbox 516 2850 655 2920; x_wconf 86' lang='lat' dir='ltr'>vertitur</span> <span class='ocrx_word' id='word_1_213' title='bbox 669 2848 805 2926; x_wconf 87' lang='lat' dir='ltr'>mulieri,</span> <span class='ocrx_word' id='word_1_214' title='bbox 821 2869 904 2933; x_wconf 75' lang='lat' dir='ltr'>quse</span> <span class='ocrx_word' id='word_1_215' title='bbox 917 2848 1081 2914; x_wconf 78' lang='lat' dir='ltr'>vinolenta</span> <span class='ocrx_word' id='word_1_216' title='bbox 1102 2848 1173 2926; x_wconf 82' lang='lat' dir='ltr'>„ire</span> <span class='ocrx_word' id='word_1_217' title='bbox 1187 2849 1261 2919; x_wconf 88' lang='lat' dir='ltr'>dei“</span> 
     </span>
     <span class='ocr_line' id='line_1_26' title="bbox 83 2944 1262 3040; baseline 0.012 -36"><span class='ocrx_word' id='word_1_218' title='bbox 83 2944 195 3014; x_wconf 70' lang='lat' dir='ltr'>vontus.</span> <span class='ocrx_word' id='word_1_219' title='bbox 236 2951 381 3027; x_wconf 83' lang='lat' dir='ltr'>Omnino</span> <span class='ocrx_word' id='word_1_220' title='bbox 400 2956 510 3018; x_wconf 88' lang='lat' dir='ltr'>cutem</span> <span class='ocrx_word' id='word_1_221' title='bbox 526 2951 645 3018; x_wconf 90' lang='lat' dir='ltr'>homini</span> <span class='ocrx_word' id='word_1_222' title='bbox 659 2951 796 3018; x_wconf 89' lang='lat' dir='ltr'>hone&#39;sto</span> <span class='ocrx_word' id='word_1_223' title='bbox 811 2949 877 3014; x_wconf 88' lang='lat' dir='ltr'>vini</span> <span class='ocrx_word' id='word_1_224' title='bbox 899 2949 980 3014; x_wconf 83' lang='lat' dir='ltr'>setis</span> <span class='ocrx_word' id='word_1_225' title='bbox 997 2948 1041 3016; x_wconf 86' lang='lat' dir='ltr'>sit</span> <span class='ocrx_word' id='word_1_226' title='bbox 1055 2950 1208 3036; x_wconf 66' lang='lat' dir='ltr'>exiguum</span> <span class='ocrx_word' id='word_1_227' title='bbox 1218 2954 1262 3040; x_wconf 88' lang='lat'>²).</span> 
     </span>
    </p>

    <p class='ocr_par' dir='ltr' id='par_1_4' title="bbox 96 3041 1263 3150">
     <span class='ocr_line' id='line_1_27' title="bbox 96 3041 1263 3150; baseline 0.004 -35"><span class='ocrx_word' id='word_1_228' title='bbox 96 3135 102 3150; x_wconf 38' lang='lat'><strong>·</strong></span> <span class='ocrx_word' id='word_1_229' title='bbox 127 3041 166 3112; x_wconf 79' lang='lat' dir='ltr'>Et</span> <span class='ocrx_word' id='word_1_230' title='bbox 178 3057 285 3122; x_wconf 87' lang='lat' dir='ltr'>vestes</span> <span class='ocrx_word' id='word_1_231' title='bbox 299 3077 394 3144; x_wconf 84' lang='lat' dir='ltr'>porro</span> <span class='ocrx_word' id='word_1_232' title='bbox 410 3059 444 3122; x_wconf 88' lang='lat' dir='ltr'>et</span> <span class='ocrx_word' id='word_1_233' title='bbox 460 3053 637 3143; x_wconf 84' lang='lat' dir='ltr'>suppellex,</span> <span class='ocrx_word' id='word_1_234' title='bbox 654 3055 689 3118; x_wconf 88' lang='lat' dir='ltr'>ct</span> <span class='ocrx_word' id='word_1_235' title='bbox 702 3053 949 3138; x_wconf 85' lang='lat' dir='ltr'>quibuscunque</span> <span class='ocrx_word' id='word_1_236' title='bbox 962 3051 1077 3118; x_wconf 91' lang='lat' dir='ltr'>domus</span> <span class='ocrx_word' id='word_1_237' title='bbox 1092 3051 1208 3131; x_wconf 89' lang='lat' dir='ltr'>utitur,</span> <span class='ocrx_word' id='word_1_238' title='bbox 1223 3075 1263 3120; x_wconf 82' lang='lat' dir='ltr'>eo</span> 
     </span>
    </p>

    <p class='ocr_par' dir='ltr' id='par_1_5' title="bbox 80 3141 1379 3654">
     <span class='ocr_line' id='line_1_28' title="bbox 83 3141 1263 3245; baseline 0.003 -27"><span class='ocrx_word' id='word_1_239' title='bbox 83 3141 144 3210; x_wconf 61' lang='lat' dir='ltr'>”be</span> <span class='ocrx_word' id='word_1_240' title='bbox 157 3147 340 3240; x_wconf 72' lang='lat' dir='ltr'>Christiano</span> <span class='ocrx_word' id='word_1_241' title='bbox 354 3157 520 3245; x_wconf 81' lang='lat' dir='ltr'>degendae</span> <span class='ocrx_word' id='word_1_242' title='bbox 540 3155 764 3224; x_wconf 83' lang='lat' dir='ltr'>convenientia</span> <span class='ocrx_word' id='word_1_243' title='bbox 779 3173 852 3222; x_wconf 88' lang='lat' dir='ltr'>esso</span> <span class='ocrx_word' id='word_1_244' title='bbox 870 3151 999 3232; x_wconf 83' lang='lat' dir='ltr'>debent,</span> <span class='ocrx_word' id='word_1_245' title='bbox 1022 3155 1263 3234; x_wconf 69' lang='lat' dir='ltr'>accommodet·</span> 
     </span>
     <span class='ocr_line' id='line_1_29' title="bbox 82 3256 1328 3351; baseline 0.012 -29"><span class='ocrx_word' id='word_1_246' title='bbox 82 3257 216 3351; x_wconf 62' lang='lat' dir='ltr'>sessore,</span> <span class='ocrx_word' id='word_1_247' title='bbox 233 3259 349 3342; x_wconf 72' lang='lat' dir='ltr'>petisti,</span> <span class='ocrx_word' id='word_1_248' title='bbox 369 3260 489 3340; x_wconf 87' lang='lat' dir='ltr'>studio,</span> <span class='ocrx_word' id='word_1_249' title='bbox 515 3258 664 3346; x_wconf 81' lang='lat' dir='ltr'>tempori,</span> <span class='ocrx_word' id='word_1_250' title='bbox 690 3259 739 3336; x_wconf 72' lang='lat' dir='ltr'>ut,</span> <span class='ocrx_word' id='word_1_251' title='bbox 765 3278 901 3344; x_wconf 65' lang='lat' dir='ltr'>qmrum</span> <span class='ocrx_word' id='word_1_252' title='bbox 925 3277 1010 3322; x_wconf 87' lang='lat' dir='ltr'>unus</span> <span class='ocrx_word' id='word_1_253' title='bbox 1036 3259 1087 3327; x_wconf 83' lang='lat' dir='ltr'>cst</span> <span class='ocrx_word' id='word_1_254' title='bbox 1112 3256 1261 3338; x_wconf 64' lang='lat' dir='ltr'>dominus</span> <span class='ocrx_word' id='word_1_255' title='bbox 1295 3259 1328 3300; x_wconf 53' lang='lat'>&#39;⁸</span> 
     </span>
     <span class='ocr_line' id='line_1_30' title="bbox 81 3338 1317 3449; baseline 0.002 -21"><span class='ocrx_word' id='word_1_256' title='bbox 81 3338 148 3428; x_wconf 61' lang='lat' dir='ltr'>‘lint</span> <span class='ocrx_word' id='word_1_257' title='bbox 161 3376 221 3427; x_wconf 81' lang='lat' dir='ltr'>uuo</span> <span class='ocrx_word' id='word_1_258' title='bbox 234 3385 345 3446; x_wconf 84' lang='lat' dir='ltr'>eorurp</span> <span class='ocrx_word' id='word_1_259' title='bbox 360 3362 404 3448; x_wconf 79' lang='lat' dir='ltr'>sit</span> <span class='ocrx_word' id='word_1_260' title='bbox 419 3362 521 3438; x_wconf 80' lang='lat' dir='ltr'>formu</span> <span class='ocrx_word' id='word_1_261' title='bbox 535 3383 663 3449; x_wconf 87' lang='lat' dir='ltr'>quoque</span> <span class='ocrx_word' id='word_1_262' title='bbox 682 3361 779 3436; x_wconf 77' lang='lat' dir='ltr'>vitae,</span> <span class='ocrx_word' id='word_1_263' title='bbox 824 3355 1031 3434; x_wconf 64' lang='lat' dir='ltr'>Christianus</span> <span class='ocrx_word' id='word_1_264' title='bbox 1051 3359 1174 3438; x_wconf 83' lang='lat' dir='ltr'>divitiis</span> <span class='ocrx_word' id='word_1_265' title='bbox 1194 3365 1262 3438; x_wconf 81' lang='lat' dir='ltr'>ter·</span> <span class='ocrx_word' id='word_1_266' title='bbox 1311 3404 1317 3423; x_wconf 62' lang='grc' dir='ltr'><strong>ι</strong></span> 
     </span>
     <span class='ocr_line' id='line_1_31' title="bbox 81 3447 1379 3556; baseline 0.011 -48"><span class='ocrx_word' id='word_1_267' title='bbox 81 3447 399 3552; x_wconf 65' lang='lat' dir='ltr'>oniscongloriatps}</span> <span class='ocrx_word' id='word_1_268' title='bbox 414 3487 510 3537; x_wconf 74' lang='lat' dir='ltr'>veron</span> <span class='ocrx_word' id='word_1_269' title='bbox 527 3467 637 3556; x_wconf 88' lang='lat' dir='ltr'>potius</span> <span class='ocrx_word' id='word_1_270' title='bbox 658 3463 790 3534; x_wconf 83' lang='lat' dir='ltr'>divitias</span> <span class='ocrx_word' id='word_1_271' title='bbox 816 3459 915 3540; x_wconf 82' lang='lat' dir='ltr'>hebet</span> <span class='ocrx_word' id='word_1_272' title='bbox 940 3461 1155 3548; x_wconf 64' lang='lat' dir='ltr'>cupiditatum</span> <span class='ocrx_word' id='word_1_273' title='bbox 1180 3487 1262 3553; x_wconf 57' lang='lat' dir='ltr'>perp.</span> <span class='ocrx_word' id='word_1_274' title='bbox 1293 3491 1297 3496; x_wconf 92' lang='lat'><em>·</em></span> <span class='ocrx_word' id='word_1_275' title='bbox 1377 3475 1379 3492; x_wconf 66' lang='lat'>²</span> 
     </span>
     <span class='ocr_line' id='line_1_32' title="bbox 80 3555 1260 3654; baseline 0.006 -27"><span class='ocrx_word' id='word_1_276' title='bbox 80 3555 225 3643; x_wconf 66' lang='lat' dir='ltr'>versarem</span> <span class='ocrx_word' id='word_1_277' title='bbox 247 3589 312 3632; x_wconf 89' lang='lat' dir='ltr'>non</span> <span class='ocrx_word' id='word_1_278' title='bbox 327 3566 415 3634; x_wconf 86' lang='lat' dir='ltr'>vasis</span> <span class='ocrx_word' id='word_1_279' title='bbox 431 3590 465 3634; x_wconf 92' lang='lat' dir='ltr'>se</span> <span class='ocrx_word' id='word_1_280' title='bbox 480 3568 593 3646; x_wconf 78' lang='lat' dir='ltr'>iactat,</span> <span class='ocrx_word' id='word_1_281' title='bbox 612 3589 695 3654; x_wconf 83' lang='lat' dir='ltr'>quse</span> <span class='ocrx_word' id='word_1_282' title='bbox 714 3564 836 3633; x_wconf 87' lang='lat' dir='ltr'>volenti</span> <span class='ocrx_word' id='word_1_283' title='bbox 855 3563 907 3632; x_wconf 89' lang='lat' dir='ltr'>vel</span> <span class='ocrx_word' id='word_1_284' title='bbox 920 3585 938 3630; x_wconf 92' lang='lat' dir='ltr'>e</span> <span class='ocrx_word' id='word_1_285' title='bbox 952 3563 1022 3644; x_wconf 75' lang='lat' dir='ltr'>ipro</span> <span class='ocrx_word' id='word_1_286' title='bbox 1042 3565 1119 3644; x_wconf 68' lang='lat' dir='ltr'>lic-sl</span> <span class='ocrx_word' id='word_1_287' title='bbox 1138 3586 1260 3646; x_wconf 56' lang='grc' dir='ltr'>θνητος</span> 
     </span>
    </p>

    <p class='ocr_par' dir='ltr' id='par_1_6' title="bbox 81 3650 1262 3761">
     <span class='ocr_line' id='line_1_33' title="bbox 81 3650 1262 3761; baseline 0.005 -33"><span class='ocrx_word' id='word_1_288' title='bbox 81 3650 122 3716; x_wconf 63' lang='lat' dir='ltr'>ted</span> <span class='ocrx_word' id='word_1_289' title='bbox 135 3664 317 3751; x_wconf 74' lang='lat' dir='ltr'>supientisnp</span> <span class='ocrx_word' id='word_1_290' title='bbox 332 3668 455 3754; x_wconf 70' lang='lat' dir='ltr'>laudnt,</span> <span class='ocrx_word' id='word_1_291' title='bbox 477 3693 559 3761; x_wconf 79' lang='lat' dir='ltr'>quoe</span> <span class='ocrx_word' id='word_1_292' title='bbox 579 3693 638 3736; x_wconf 89' lang='lat' dir='ltr'>nee</span> <span class='ocrx_word' id='word_1_293' title='bbox 657 3673 786 3737; x_wconf 90' lang='lat' dir='ltr'>terreno</span> <span class='ocrx_word' id='word_1_294' title='bbox 805 3666 957 3748; x_wconf 76' lang='lat' dir='ltr'>venditur</span> <span class='ocrx_word' id='word_1_295' title='bbox 976 3688 1083 3746; x_wconf 76' lang='lat' dir='ltr'>numo,</span> <span class='ocrx_word' id='word_1_296' title='bbox 1104 3689 1208 3754; x_wconf 75' lang='lat' dir='ltr'>osque</span> <span class='ocrx_word' id='word_1_297' title='bbox 1227 3668 1262 3734; x_wconf 88' lang='lat' dir='ltr'>in</span> 
     </span>
    </p>
   </div>
   <div class='ocr_carea' id='block_1_3' title="bbox 80 3745 1260 3950">
    <p class='ocr_par' dir='ltr' id='par_1_7' title="bbox 80 3745 1260 3950">
     <span class='ocr_line' id='line_1_34' title="bbox 80 3745 1260 3950; baseline 0.018 -119"><span class='ocrx_word' id='word_1_298' title='bbox 80 3745 188 3950; x_wconf 51' lang='lat' dir='ltr'>{oppoip</span> <span class='ocrx_word' id='word_1_299' title='bbox 197 3771 412 3858; x_wconf 62' lang='lat' dir='ltr'>poplpppptps</span> <span class='ocrx_word' id='word_1_300' title='bbox 426 3772 577 3856; x_wconf 75' lang='lat' dir='ltr'>venditur</span> <span class='ocrx_word' id='word_1_301' title='bbox 591 3793 689 3842; x_wconf 81' lang='lat' dir='ltr'>numo</span> <span class='ocrx_word' id='word_1_302' title='bbox 708 3767 924 3856; x_wconf 70' lang='lat' dir='ltr'>iusto,„Loso</span> <span class='ocrx_word' id='word_1_303' title='bbox 943 3768 1127 3852; x_wconf 66' lang='lat' dir='ltr'>inerms,</span> <span class='ocrx_word' id='word_1_304' title='bbox 1147 3769 1260 3858; x_wconf 71' lang='lat' dir='ltr'>rouro,</span> 
     </span>
    </p>
   </div>
   <div class='ocr_carea' id='block_1_4' title="bbox 125 3964 1260 4060">
    <p class='ocr_par' dir='ltr' id='par_1_8' title="bbox 125 3964 1260 4060">
     <span class='ocr_line' id='line_1_35' title="bbox 125 3964 1260 4060; baseline 0.003 -22"><span class='ocrx_word' id='word_1_305' title='bbox 125 3964 152 4030; x_wconf 79' lang='grc' dir='ltr'><strong>Α</strong></span> <span class='ocrx_word' id='word_1_306' title='bbox 165 3973 315 4060; x_wconf 84' lang='lat' dir='ltr'>conviviis</span> <span class='ocrx_word' id='word_1_307' title='bbox 330 3977 440 4059; x_wconf 72' lang='lat' dir='ltr'>sutem</span> <span class='ocrx_word' id='word_1_308' title='bbox 454 3974 638 4044; x_wconf 79' lang='lat' dir='ltr'>removendi</span> <span class='ocrx_word' id='word_1_309' title='bbox 653 3976 732 4058; x_wconf 82' lang='lat' dir='ltr'>sunt</span> <span class='ocrx_word' id='word_1_310' title='bbox 745 3976 860 4040; x_wconf 86' lang='lat' dir='ltr'>contus</span> <span class='ocrx_word' id='word_1_311' title='bbox 881 3971 974 4059; x_wconf 86' lang='lat' dir='ltr'>eique</span> <span class='ocrx_word' id='word_1_312' title='bbox 994 3971 1091 4051; x_wconf 86' lang='lat' dir='ltr'>modi,</span> <span class='ocrx_word' id='word_1_313' title='bbox 1110 3971 1165 4058; x_wconf 75' lang='lat' dir='ltr'>qui</span> <span class='ocrx_word' id='word_1_314' title='bbox 1187 3993 1260 4041; x_wconf 77' lang='lat' dir='ltr'>seo·</span> 
     </span>
    </p>
   </div>
   <div class='ocr_carea' id='block_1_5' title="bbox 79 4072 1260 4480">
    <p class='ocr_par' dir='ltr' id='par_1_9' title="bbox 80 4072 1260 4165">
     <span class='ocr_line' id='line_1_36' title="bbox 80 4072 1260 4165; baseline 0.017 -40"><span class='ocrx_word' id='word_1_315' title='bbox 80 4072 119 4126; x_wconf 74' lang='lat' dir='ltr'>flos</span> <span class='ocrx_word' id='word_1_316' title='bbox 135 4089 225 4156; x_wconf 84' lang='lat' dir='ltr'>preve</span> <span class='ocrx_word' id='word_1_317' title='bbox 246 4077 391 4161; x_wconf 78' lang='lat' dir='ltr'>titillent,</span> <span class='ocrx_word' id='word_1_318' title='bbox 417 4075 460 4146; x_wconf 84' lang='lat' dir='ltr'>ad</span> <span class='ocrx_word' id='word_1_319' title='bbox 478 4074 713 4165; x_wconf 81' lang='lat' dir='ltr'>impudentium</span> <span class='ocrx_word' id='word_1_320' title='bbox 731 4076 914 4165; x_wconf 77' lang='lat' dir='ltr'>impellunt,</span> <span class='ocrx_word' id='word_1_321' title='bbox 938 4095 1043 4156; x_wconf 79' lang='lat' dir='ltr'>moros</span> <span class='ocrx_word' id='word_1_322' title='bbox 1064 4075 1260 4156; x_wconf 79' lang='lat' dir='ltr'>effeminant,</span> 
     </span>
    </p>

    <p class='ocr_par' dir='ltr' id='par_1_10' title="bbox 79 4153 1258 4269">
     <span class='ocr_line' id='line_1_37' title="bbox 79 4153 1258 4269; baseline 0.003 -26"><span class='ocrx_word' id='word_1_323' title='bbox 79 4153 255 4266; x_wconf 62' lang='lat' dir='ltr'>Quamquam</span> <span class='ocrx_word' id='word_1_324' title='bbox 269 4177 434 4247; x_wconf 79' lang='lat' dir='ltr'>modestae</span> <span class='ocrx_word' id='word_1_325' title='bbox 453 4177 649 4258; x_wconf 78' lang='lat' dir='ltr'>harmonice,</span> <span class='ocrx_word' id='word_1_326' title='bbox 671 4178 806 4269; x_wconf 79' lang='lat' dir='ltr'>pudicae</span> <span class='ocrx_word' id='word_1_327' title='bbox 825 4199 1006 4268; x_wconf 64' lang='lat' dir='ltr'>gravemus</span> <span class='ocrx_word' id='word_1_328' title='bbox 1025 4177 1258 4268; x_wconf 64' lang='lat' dir='ltr'>vituperandus</span> 
     </span>
    </p>

    <p class='ocr_par' dir='ltr' id='par_1_11' title="bbox 79 4307 1181 4480">
     <span class='ocr_line' id='line_1_38' title="bbox 79 4307 1181 4350; baseline 0.015 -42"><span class='ocrx_word' id='word_1_329' title='bbox 79 4307 251 4350; x_wconf 28' lang='grc' dir='ltr'>χ</span> <span class='ocrx_word' id='word_1_330' title='bbox 501 4315 513 4338; x_wconf 29' lang='lat' dir='ltr'>x</span> <span class='ocrx_word' id='word_1_331' title='bbox 1176 4319 1181 4324; x_wconf 87' lang='lat'>.</span> 
     </span>
     <span class='ocr_line' id='line_1_39' title="bbox 122 4408 395 4480; baseline 0.004 -4"><span class='ocrx_word' id='word_1_332' title='bbox 122 4409 331 4480; x_wconf 76' lang='lat' dir='ltr'>&#39;lusu-vu.</span> <span class='ocrx_word' id='word_1_333' title='bbox 393 4408 395 4419; x_wconf 89' lang='lat'>&#39;</span> 
     </span>
    </p>
   </div>
   <div class='ocr_carea' id='block_1_6' title="bbox 117 4493 331 4660">
    <p class='ocr_par' dir='ltr' id='par_1_12' title="bbox 117 4493 331 4660">
     <span class='ocr_line' id='line_1_40' title="bbox 117 4493 331 4569; baseline -0.009 -5"><span class='ocrx_word' id='word_1_334' title='bbox 117 4493 331 4569; x_wconf 74' lang='lat' dir='ltr'>¹)r11rv-1sr.</span> 
     </span>
     <span class='ocr_line' id='line_1_41' title="bbox 119 4579 329 4660; baseline -0.01 -10"><span class='ocrx_word' id='word_1_335' title='bbox 119 4579 329 4660; x_wconf 67' lang='lat' dir='ltr'>&#39;lodo-ror.</span> 
     </span>
    </p>
   </div>
   <div class='ocr_carea' id='block_1_7' title="bbox 0 0 1490 5048">
    <p class='ocr_par' dir='ltr' id='par_1_13' title="bbox 0 0 1490 5048">
     <span class='ocr_line' id='line_1_42' title="bbox 0 0 1490 5048; baseline 0 4"><span class='ocrx_word' id='word_1_336' title='bbox 0 0 1490 5048; x_wconf 95' lang='lat' dir='ltr'> </span> 
     </span>
    </p>
   </div>
  </div>
 </body>
</html>
