2820 5052
662 341 862 441 „Q

16 527 27 543 “
154 528 410 608 multitudinem,
435 549 578 605 omnem,
609 548 692 616 quae
706 529 759 594 est
774 527 862 618 apud
876 486 1036 605 (imeres,
1058 527 1250 616 sapientiam
1264 547 1363 595 esses
1408 559 1409 600 l

154 631 293 704 barbara
315 633 479 720 sumptam
493 628 700 718 philosophia
719 631 937 697 ostendentes
981 628 1089 712 Quam
1108 630 1364 726 dissertationem
1408 633 1409 720 l

153 733 255 802 nihilo
272 733 389 811 se'cius,
409 735 448 799 ut
462 755 514 799 res
531 731 722 820 postulabit,
739 732 873 823 quando
883 731 1071 820 colligemus
1086 733 1252 824 opiniones
1266 731 1363 800 Grae-

155 859 264 904 corum
280 835 321 903 de
336 833 514 924 principiis,
530 835 591 900 att
567 837 741 920 tingamus.
787 835 853 902 Sed
867 857 908 902 ex
921 833 984 916 his,
1004 857 1086 926 quae
1101 835 1188 902 dieta
1204 837 1364 914 sunt,1am

155 941 208 1006 est
233 937 327 1005 ntbis
357 937 574 1028 perspicuum,
603 939 768 1004 aeternam
794 937 847 1003 dei
872 959 945 1004 esse
969 937 1213 1006 beneficentiam
1238 941 1274 1006 et
1297 959 1365 1006 vere

154 1040 322 1130 aequalem
348 1041 508 1108 iustitiam
528 1038 725 1119 naturalem,
753 1063 773 1106 a
800 1039 950 1129 principii
975 1045 1107 1132 experte
1130 1041 1289 1130 principio
1313 1063 1365 1131 pro

153 1144 407 1234 uniuscuiusque
427 1140 556 1230 generis
578 1141 755 1228 dignitate,
790 1142 833 1208 ad
847 1165 973 1222 omnes,
1004 1165 1087 1234 quae
1109 1167 1276 1234 nunquam
1299 1165 1366 1211 esse
1408 1203 1409 1206 ,

1 1249 2 1268 ’
65 1299 70 1308 .
153 1247 285 1336 incepit,
299 1245 508 1336 processisse.
550 1243 662 1333 Neque
677 1243 762 1310 enim
776 1242 889 1325 huius,
905 1245 997 1335 quod
1012 1249 1079 1326 est,
1106 1269 1179 1314 esse
1192 1245 1366 1343 Dominum

154 1357 188 1416 et
202 1349 337 1428 bonum,
349 1346 552 1440 =principium
573 1347 699 1438 accepit
719 1346 815 1426 deus,
842 1347 897 1438 qui
917 1351 970 1414 est
989 1369 1114 1438 semper
1124 1348 1175 1427 id,
1201 1347 1290 1438 quod
1309 1352 1365 1416 est

154 1451 221 1520 Sed
242 1475 346 1542 neque
368 1450 511 1518 cessabit
532 1469 674 1538 unquam
689 1448 890 1528 benefacere,
914 1451 1042 1522 etiamsi
1064 1451 1193 1538 singula
1212 1451 1254 1517 ad
1273 1451 1365 1520 fidem

151 1555 347 1644 perduxerit.
366 1553 434 1620 Est
445 1555 554 1618 antem
563 1551 786 1642 unusquisque
796 1557 944 1619 nostrum
955 1541 1185 1621 beneficentiae
1196 1554 1364 1644 particeps,

137 1661 312 1748 ‘quatenus
335 1656 484 1724 voluerit,
533 1653 762 1720 Differentiam
783 1656 868 1722 enim
896 1656 974 1724 fecit
995 1657 1162 1724 electionis
1188 1656 1317 1724 animae
1342 1657 1365 1723 si

151 1761 250 1828 fuerit
275 1761 374 1847 digna
399 1758 489 1848 optio
515 1759 550 1823 et
575 1757 775 1824 exercitatio.
820 1758 876 1827 Sic
901 1781 979 1848 ergo
997 1759 1134 1852 quintus
1150 1761 1365 1852 quoquellber

150 1867 431 1930 monumentorum
462 1860 639 1926 secundum
664 1883 772 1928 veram
798 1861 1031 1954 philosophiam
1052 1863 1289 1952 gnosticorum,
1314 1863 1363 1955 qui

149 1965 336 2034 nominatur
352 1963 568 2047 Strumaleus,
584 1961 765 2050 finiatur1).

501 2237 561 2304 De
582 2237 680 2307 libri
695 2137 1011 2326 tritanu..

214 2359 280 2425 Hic
293 2359 396 2446 igitur
411 2359 523 2423 sextus
540 2357 636 2424 simul
655 2361 690 2424 et
706 2359 864 2446 septimus
884 2361 997 2426 noster
1013 2360 1296 2426 monumentorum
1317 2383 1362 2426 se·
1381 2376 1384 2388 ’

151 2461 290 2527 cundum
308 2483 418 2526 veram
434 2459 669 2548 philosophiam
682 2461 903 2548 gnosticorum
920 2459 1136 2540 stromateus,
1153 2483 1254 2548 quum
1265 2485 1363 2530 mora·

148 2563 212 2630 lem
227 2563 491 2651 disputationem,
508 2573 604 2649 qdam
615 2563 754 2630 maxime
768 2563 913 2652 potuerit
925 2563 1005 2642 fieri,
1021 2563 1241 2652 descripserit,
1256 2570 1361 2633 osten·

148 2665 307 2755 deritque,
320 2664 792 2752 qualisfueritvitagnosticus:
803 2668 912 2755 pergit
922 2665 1122 2755 philosophis
1134 2667 1360 2748 demonstrare,

147 2767 233 2834 huno
248 2767 378 2834 minime
399 2789 471 2834 esse
492 2767 561 2834 sine
581 2769 657 2847 deo,
681 2769 746 2835 imo
767 2771 872 2837 solum
892 2791 966 2836 vere
986 2769 1039 2836 dci
1054 2769 1210 2836 cultorem
1217 2795 1227 2848 ;
1250 2771 1360 2838 deinde

147 2891 232 2937 vero
257 2868 409 2937 Gnostici
439 2870 604 2958 religionis
631 2871 762 2938 modum
793 2893 963 2960 exponere.
1015 2871 1046 2937 Ε
1076 2872 1193 2958 quibus
1219 2873 1359 2942 dicendis

148 2969 277 3051 Graeci,
295 2973 429 3061 seipsos,
450 2997 549 3061 quum
560 2978 671 3039 verum
685 2973 777 3041 illum
792 2976 844 3042 dei
858 2976 1017 3042 cultorum
1031 2974 1152 3042 nefarie
1166 2998 1359 3064 persequan-

146 3078 212 3154 tur,
228 3075 326 3164 impie
340 3097 437 3163 agere
451 3077 617 3143 evidenter
631 3075 811 3143 didicerint.
836 3077 1091 3146 Procedentibus
1103 3080 1213 3144 autem
1224 3081 1304 3146 ansul
1314 3081 1357 3144 τὸν

144 3185 204 3244 τῶν
224 3177 433 3266 lupanarios
454 3185 636 3265 χαρακτῆρα
657 3180 885 3260 monumentis,
909 3180 1082 3247 solvendae
1103 3187 1201 3251 erunt
1220 3184 1256 3248 ct
1275 3181 1355 3256 illae,

88 3341 93 3348 .
145 3301 228 3365 quae
243 3303 262 3345 a
278 3279 430 3358 Graecis,
452 3284 487 3346 et
500 3280 589 3357 illae,
612 3303 695 3366 quae
710 3281 886 3348 ebarharis
901 3283 935 3348 in
949 3305 1009 3350 nos
1024 3285 1208 3362 moventur,
1232 3283 1355 3352 dubitu-

89 3385 90 3392 ’
143 3381 249 3448 tiones
266 3381 305 3448 de
320 3383 463 3449 adventu
478 3381 622 3448 Domini.
666 3385 778 3470 Atque
796 3384 831 3450 in
849 3383 911 3452 hoo
933 3385 1061 3470 quidem
1076 3387 1181 3475 prato,
1204 3385 1261 3472 qui
1276 3384 1356 3453 varie

143 3483 276 3562 florent,
303 3485 415 3564 flores,
442 3487 476 3551 et
495 3483 529 3550 in
544 3483 609 3549 -hoc
624 3482 717 3550 horto
732 3485 882 3552 arborum
897 3486 1073 3574 plantatio,
1098 3511 1164 3556 non
1180 3492 1259 3556 sunt
1270 3488 1355 3556 iuxta

143 3587 344 3674 singulorum
360 3587 483 3676 species
499 3609 518 3651 a
532 3586 655 3674 plantis
670 3587 803 3654 alterius
819 3589 961 3656 cuiusvis
977 3589 1104 3676 generis
1119 3594 1286 3679 separata3
1302 3587 1353 3655 sed

142 3711 225 3776 qaue
239 3713 298 3778 pro
313 3689 559 3778 opportunitate
575 3689 653 3754 data
667 3689 745 3754 mihi
756 3693 914 3756 venerunt
924 3691 958 3757 in
969 3696 1121 3771 mentem,
1135 3692 1214 3759 haec
1226 3693 1295 3760 sine
1305 3713 1350 3758 or·

141 3791 216 3858 dine
231 3797 266 3859 et
276 3793 417 3859 dictione
432 3794 573 3880 purgata
587 3792 769 3880 promiscue
782 3793 958 3880 Stromatis
974 3795 1226 3862 mandabuntur.
1251 3793 1351 3862 Erunt

111 3893 242 3982 xigitur
256 3895 554 3962 haecmonumenta
573 3894 651 3960 mihi
672 3894 800 3984 quidem
815 3896 988 3976 memoriae
1006 3919 1121 3976 causa,
1150 3897 1230 3966 viris
1250 3901 1350 3966 autem

139 3997 182 4062 ad
196 3997 413 4083 cognitionem
433 3996 649 4085 recipiendam
669 3997 793 4064 idoneis
815 4001 855 4065 ad
875 3999 1118 4087 inquisitionem
1137 4021 1212 4067 cum
1232 4000 1348 4068 sudore.

96 4095 263 4186 Cognit
248 4099 295 4164 tio
310 4104 418 4166 autem
434 4104 547 4167 nostra
561 4099 739 4190 hortosque
751 4101 907 4189 spiritalis
923 4102 1056 4191 estipse
1066 4103 1179 4170 noster
1191 4102 1347 4176 Servator,

109 4239 116 4252 ·
136 4199 172 4267 in
187 4223 281 4288 quem
296 4202 492 4290 plantamur,
507 4203 701 4292 transpositi
716 4206 751 4269 et
763 4204 1009 4272 transformati
1000 4229 1035 4289 m
1049 4209 1170 4272 terram
1184 4205 1298 4274 bonam
1312 4222 1347 4267 ex

137 4304 206 4412 vita
220 4305 332 4372 veteri.
376 4307 424 4372 Et
438 4307 577 4373 mutatio
592 4306 721 4393 quidem
736 4305 948 4394 plantationis
961 4307 1086 4376 confert
1101 4309 1143 4375 ad
1153 4308 1347 4377 fertilitatem

134 4373 299 4478 fructuum
314 4411 349 4478 et
362 4407 492 4478 bonitat
440 4411 554 4477 tatem.
597 4409 674 4476 Lux
688 4407 791 4496 igitur
805 4407 968 4479 Dominus
989 4413 1041 4480 cst
1060 4413 1188 4482 etrera
1202 4407 1346 4501 segatio.
1408 4469 1409 4484 .

134 4565 337 4582 -ι-ῌ-

188 4649 215 4720 1)
231 4651 414 4719 arno-rar.
526 4610 532 4620 ⁸
