2830 5052
710 319 773 384 140

134 505 219 593 quod
233 527 277 574 en
288 504 360 572 aliis
376 504 538 574 mandatis
550 503 590 570 de
601 505 748 592 legitima
758 503 931 572 liberorum
941 503 1162 592 procreatione
1172 501 1353 589 colligitur,

134 632 216 695 quae
232 631 309 676 sane
324 609 427 676 etiam
439 607 596 676 eiusmodi
613 611 701 687 sunt,
716 610 754 676 ut
774 607 819 672 ad
831 605 1063 672 continentiam
1078 605 1197 671 rationi
1213 627 1354 672 consen-

57 720 60 728 '
133 714 263 780 teneam
278 711 450 778 deducant.
496 709 593 792 Quod
612 713 721 776 autem
741 708 783 776 ab
803 708 978 777 immundis
999 712 1032 776 et
1053 707 1161 795 impiis
1183 709 1354 796 segregari

133 836 193 880 nos
213 812 306 878 iubet
324 812 437 880 eadem
456 812 529 879 Lex
553 833 627 877 cum
650 811 808 877 Domino:
830 811 987 884 immundi
1010 813 1045 878 ct
1064 811 1156 898 impii
1179 833 1245 876 non
1272 813 1355 878 sunt

13 997 18 1014 ί
132 913 336 982 matrimonio
361 915 465 980 iuncti
490 937 555 1000 qua
579 913 677 992 tales,
703 913 762 980 sed
786 917 901 1000 gentes
924 915 960 980 et
978 911 1141 980 haeretici.
1185 914 1232 980 lli
1246 913 1354 1004 Legis

133 1021 261 1095 autem,
282 1020 317 1082 et
335 1015 574 1102 Prophetarum
599 1020 634 1084 et
658 1015 831 1101 Evangelii
856 1015 1021 1096 doctrinae
1046 1013 1081 1080 in
1105 1013 1182 1094 hoc,
1209 1016 1298 1087 sicut
1319 1017 1355 1082 in

133 1118 300 1198 omnibus,
320 1118 548 1200 consentiunti
571 1141 646 1186 nam
667 1117 780 1184 horum
801 1117 900 1182 trium
921 1139 1005 1182 unus
1026 1119 1079 1184 est
1097 1119 1227 1194 auctor,
1254 1116 1354 1184 Deus

133 1222 234 1298 idem,
260 1224 299 1298 ut
318 1220 500 1308 Apostolus
521 1221 645 1288 Paulus
670 1217 802 1288 disertis
827 1218 934 1284 verbis
960 1219 1057 1288 docet
1081 1217 1192 1286 multis
1218 1215 1299 1286 locis
1314 1224 1355 1304 ¹).

134 1323 558 1406 Quemadmodumch,ita
568 1323 666 1390 etiam
678 1321 802 1388 Paulus
812 1320 1044 1389 continentiam
1055 1321 1267 1401 exercendam
1277 1343 1356 1390 esse

134 1427 169 1494 in
183 1425 532 1512 matrimonioquoque
545 1425 627 1502 vult,
644 1426 768 1490 semoto
783 1427 892 1494 tamen
899 1422 1061 1512 peccandi
1071 1423 1223 1510 periculo.
1247 1424 1354 1490 Uter-

133 1550 196 1616 que
210 1531 331 1606 autem,
347 1529 382 1594 et
396 1528 457 1613 qui-
466 1529 654 1596 castitatem
668 1527 834 1614 delegerit,
850 1526 950 1614 etqui
962 1525 1212 1604 matrimonium,
1226 1527 1264 1594 in
1274 1550 1354 1614 pro-

132 1631 240 1720 posito
260 1628 359 1696 debet
379 1651 591 1718 perseverare.
633 1629 770 1718 Propria
789 1652 865 1696 vero
887 1649 1019 1696 munera
1038 1628 1237 1708 etcastitas
1250 1627 1356 1696 habet

132 1735 167 1800 et
186 1731 437 1799 matrimonium.
481 1731 716 1818 Unusquisque
736 1751 830 1818 ergo,
858 1731 892 1796 in
916 1741 981 1818 quo
1008 1733 1141 1800 vocatus
1168 1732 1222 1798 est
1241 1751 1354 1818 opere,

133 1855 265 1902 munere
280 1854 340 1898 suo
355 1832 523 1920 iungatur,
537 1837 576 1904 ut
589 1833 670 1898 liber
684 1833 743 1898 liat
757 1833 791 1898 in
807 1833 940 1902 Christo
952 1831 1355 1921 debitamquemiuisterio

133 1936 312 2018 mercedem
333 1935 482 2022 accipiat.
528 1936 615 2004 Sunt
639 1937 749 2002 autem
769 1933 936 2025 haeretici,
962 1937 1048 2002 inter
1070 1957 1155 2022 ‘quos
1176 1935 1353 2014 Tatianus,

134 2039 246 2126 quiex
261 2037 425 2104 nonnullis
445 2037 601 2126 Apostoli
620 2039 717 2120 locis,
739 2060 820 2124 quos
841 2041 1048 2127 pervertunt,
1068 2038 1313 2114 matrimonium
1334 2062 1354 2104 a

133 2141 274 2208 Diabolo
288 2141 458 2209 inventum
471 2163 554 2222 esse,
570 2142 794 2210 demonstrare
807 2144 974 2209 conantur.
1019 2139 1085 2208 Sed
1098 2141 1354 2230 intemperantia

24 2270 29 2284 ·
93 2330 102 2340 „
133 2267 154 2310 a
167 2243 295 2320 diabolo
314 2243 447 2311 inventa
467 2246 535 2322 est,
556 2248 592 2328 et
610 2246 779 2334 impudens
799 2243 909 2310 libido.
951 2241 992 2308 In
1013 2243 1217 2314 matrimonio
1238 2247 1353 2310 autem

31 2343 35 2351 ’
133 2347 204 2416 tum
220 2345 454 2425 continentiae,
475 2369 558 2432 quae
578 2350 630 2413 est
649 2369 689 2412 ex
704 2368 880 2428 consensu,
907 2348 1036 2434 tempus
1052 2346 1160 2427 estad
1173 2347 1352 2434 =errandum,

134 2451 204 2517 tum
211 2446 796 2535 honestaeliberorumprocreationis,
811 2449 898 2537 qnod
915 2452 1087 2538 utrumque
1104 2471 1164 2514 s.s.
1178 2449 1352 2536 scripturis

135 2550 302 2640 probatur.
347 2548 444 2631 Quod
459 2550 487 2615 si
501 2550 693 2637 Apostolus,
708 2551 858 2638 precibus
874 2549 1045 2628 absolutis,
1067 2571 1214 2631 „rursum
1230 2549 1351 2638 iuquit,

135 2653 232 2720 simul
246 2651 415 2720 convenite
429 2655 563 2742 propter
575 2651 770 2720 Satanom“:
787 2653 916 2720 minime
931 2653 1025 2720 dicit:
1041 2653 1211 2721 convenite
1224 2652 1352 2720 Satana

135 2755 330 2844 impellente,
347 2753 405 2819 sed
419 2757 457 2820 ut
471 2753 627 2843 peccandi
641 2754 767 2820 occasio
782 2777 802 2820 a
817 2755 941 2822 Satana
955 2758 1071 2844 parata
1079 2749 1287 2837 amoveatur.

199 2857 382 2945 Utriusque
402 2859 511 2922 autem
531 2855 734 2922 Testamenti
754 2879 839 2922 unus
860 2860 974 2942 auctor
993 2857 1171 2936 Dominus,
1197 2857 1253 2946 qui
1274 2857 1350 2924 olim

133 2961 176 3028 ad
190 2959 373 3048 augendum
388 2979 492 3046 genus
507 2957 681 3026 humanum
693 2957 911 3048 polygamiam
931 2960 1092 3027 concessit
1098 2985 1108 3042 3
1130 2981 1217 3034 nunc
1236 2983 1350 3030 mono·

133 3063 275 3154 gamiam
289 3061 407 3130 suadet
421 3061 519 3126 etiam
534 3064 611 3150 post
625 3061 748 3150 primae
762 3062 872 3132 uxoris
893 3065 1029 3130 mortem
1048 3062 1091 3128 ad
1103 3063 1351 3151 ⁸perlectionem.

133 3165 381 3254 Matrimonium
396 3186 473 3230 vero
493 3167 528 3230 et
546 3165 623 3230 olim
644 3166 678 3230 et
697 3186 782 3230 nunc
802 3165 919 3251 probat
938 3165 1023 3230 idem
1043 3163 1231 3251 Legislator
1251 3170 1351 3256 atque

134 3268 361 3355 Evangelista.
405 3266 525 3332 Verum
541 3266 670 3356 quidem
685 3269 737 3332 est
738 3266 847 3354 ,Legi
867 3289 926 3332 nos
947 3287 1019 3332 esse
1033 3271 1118 3334 mort
1120 3289 1179 3334 uos
1200 3267 1241 3332 ab
1257 3267 1349 3356 Apo·

66 3399 75 3420 ·
134 3369 220 3436 stolo
234 3369 352 3436 doceri.
378 3368 429 3436 At
443 3390 518 3434 vero
534 3369 692 3456 quomodo
707 3369 827 3436 mortui
841 3369 945 3455 Legit
968 3371 1088 3437 mortui
1102 3374 1247 3458 peccatu
1264 3370 1351 3460 quod

132 3471 224 3558 Lege
240 3470 402 3558 significat
404 3473 490 3536 uret
509 3474 654 3560 apparet.
631 3469 770 3536 tNon
785 3472 872 3562 quod
886 3471 977 3538 iubet
991 3473 1072 3552 Lex,
1094 3477 1266 3562 peccatum
1287 3477 1350 3552 est,

134 3574 191 3640 sed
212 3572 298 3662 quod
324 3575 430 3650 vetat;
453 3573 603 3660 agnoscit
588 3552 882 3652 tmatrimonium,
909 3574 996 3664 quod
1020 3577 1088 3640 tam
1116 3577 1266 3643 sanctum
1288 3579 1351 3652 cst,

133 3699 230 3766 quarn
246 3677 339 3741 sanct
340 3698 359 3740 a
373 3676 446 3745 Lex
460 3675 546 3765 ipsa!
570 3675 755 3742 Discrimen
776 3681 828 3742 est
845 3675 931 3744 enim
951 3676 1099 3746 fornicat'
1074 3681 1196 3745 nonam
1216 3678 1305 3744 inter
1319 3681 1353 3744 et

132 3777 384 3845 matrimonium.
431 3778 600 3846 Utendum
616 3780 674 3842 aut
675 3800 725 3842 em
746 3778 893 3846 omnibus
914 3801 986 3846 oum
1005 3782 1185 3866 gratiarum
1205 3781 1350 3858 actione3

132 3880 245 3949 multis
267 3902 394 3970 quoque
415 3873 568 3948 conducit
597 3867 806 3948 continentia.
848 3879 961 3970 Neque
981 3887 1034 3972 est
1053 3883 1119 3948 ulla
1138 3883 1351 3970 epistolarum

132 3981 298 4071 Apostoli,
314 4004 407 4073 quae,
423 4006 522 4072 quum
538 3983 726 4071 saepissime
741 3983 780 4048 de
795 3985 1000 4052 matrimonio
1022 4007 1060 4052 aa
1080 3984 1254 4050 liberorum
1275 4009 1350 4074 pro-

132 4084 294 4152 creatione
309 4088 437 4170 agatur,
452 4086 624 4154 honestum
634 4087 904 4175 moderatumque
918 4086 1158 4168 matrimonium
1178 4088 1351 4176 prohibeat

133 4189 185 4256 vel
208 4188 354 4274 abroget.
400 4187 572 4268 Ceterum,
600 4189 655 4278 qui
676 4187 916 4256 matrimonium
932 4189 1152 4272 insectantur,
1172 4189 1254 4256 nihil
1274 4212 1349 4280 pro·

49 4291 51 4299 ’
132 4289 229 4388 bant,
261 4290 325 4356 nisi
349 4291 432 4360 forta
459 4291 629 4381 scripturis
660 4289 850 4358 abutuntur.
902 4287 1024 4358 Paulus
1056 4293 1141 4358 enim
1166 4291 1349 4380 Apostolus

189 4549 443 4617 ¹x)iixepis1s.tPauli
456 4551 632 4603 nncmanos
644 4549 725 4601 multa
738 4550 816 4602 allata
828 4549 986 4616 expleantur
1004 4551 1122 4602 advversus
1135 4549 1346 4616 eorffquimalum

133 4634 281 4689 Creatorem
291 4638 368 4704 Legis
381 4645 509 4692 auctorem
521 4651 612 4691 esser
587 4638 644 4688 dim
628 4641 684 4690 unt
