2820 5052
444 363 448 397 =
552 343 754 446 „2³⁷-

25 529 125 595 'duss
138 549 274 594 onussst
296 549 403 605 unum,
420 526 507 617 quod
522 528 712 616 disputandi
726 529 885 594 rationem
901 549 966 596 non
980 527 1100 596 habeat
1116 551 1260 598 eommu-

36 653 128 708 nem,
143 629 291 708 alteram
308 629 395 720 quod
409 651 462 696 res
472 633 637 722 trsotetee
653 653 718 697 non
734 630 801 696 sint
815 653 1009 698 communes.
1053 633 1263 720 Quapropter

36 735 106 800 ism
120 736 191 798 tres
207 735 304 800 erunt
318 732 500 802 reieotionis
515 755 643 817 osusee.
672 733 793 820 *Addit
807 736 916 800 sutem
926 732 1085 800 Nourrius
1098 739 1259 824 quartem,

38 833 176 923 quaein
192 857 230 902 eo
244 835 416 912 consistat,
433 835 519 920 quod
533 836 566 901 in
581 835 664 902 libro
678 859 737 924 pro
752 840 867 904 octauo
881 834 994 902 habito
1012 859 1052 902 eu
1070 837 1143 925 ipss
1162 859 1261 923 quse·

38 941 162 1018 stione,
188 961 240 1004 en
256 961 332 1004 non
353 937 411 1002 sit
430 936 574 1003 animal
596 937 746 1016 foetus,
769 935 836 1023 qui
857 941 1041 1024 gestetur
1068 939 1108 1004 in
1131 943 1260 1018 utero,

38 1065 139 1128 quam
169 1037 321 1106 Clemens
340 1039 376 1104 iu
396 1038 419 1104 I.
440 1039 481 1105 V.
507 1039 613 1105 ineis
641 1037 896 1126 quaestionibus,
922 1063 1005 1125 quse
1029 1067 1049 1106 u
1075 1039 1261 1108 Christiano

37 1145 172 1210 homine
187 1165 253 1209 non
267 1141 335 1208 sint
349 1141 538 1220 movendae,
552 1146 711 1220 numeret,
725 1140 891 1228 probetur,
907 1144 1065 1227 quomodo
1075 1145 1261 1232 propositae

38 1245 357 1312 demonstrationum
371 1243 506 1330 regulae
517 1243 565 1308 ab·
580 1244 729 1310 omnibns
749 1242 914 1309 observari
934 1243 1126 1324 debeant1).
1171 1244 1260 1330 Quid

37 1349 145 1438 igitur
161 1347 201 1414 de
215 1351 372 1441 quattuor
385 1345 436 1412 his
451 1345 559 1412 musis
574 1346 638 1412 erit
650 1334 879 1412 iudioendum'i

104 1451 205 1536 Quod
219 1451 263 1526 ed
275 1449 413 1538 primum
424 1447 556 1535 quidem
571 1449 703 1526 attinet,
724 1449 810 1535 qnod
824 1471 885 1536 pro
903 1447 986 1514 libro
1006 1449 1123 1516 ootuvo
1142 1471 1163 1514 s
1177 1471 1258 1516 non·-
1391 1487 1394 1492 -

38 1554 139 1620 nullis
155 1553 250 1622 codd.
273 1551 384 1618 Photii
402 1554 512 1618 uetute
532 1549 629 1630 liber,
654 1551 754 1633 Quis
776 1551 891 1618 dives
914 1549 1110 1628 solvetur,
1133 1551 1258 1634 enhibi-
1284 1563 1290 1576 “

38 1663 95 1724 tue
122 1655 179 1734 sit,
205 1656 285 1722 hseo
310 1677 411 1721 osnes
432 1677 567 1742 prorum
592 1657 644 1720 est
666 1651 767 1720 nulls.
809 1652 894 1720 Nem
914 1653 1002 1739 quid,
1028 1675 1159 1739 quaeso,
1184 1653 1259 1720 iude

39 1759 212 1845 seqnitur?
235 1756 336 1825 Certe
351 1755 433 1823 nihil
444 1757 543 1836 eliud,
559 1757 623 1823 nisi
637 1760 709 1822 tum
723 1755 880 1844 temporis
895 1757 953 1822 uni
966 1755 1017 1823 vel
1031 1755 1143 1843 poueis
1159 1755 1258 1822 libre-

38 1861 97 1926 riis
117 1857 238 1928 librum
258 1862 408 1926 octavum
432 1881 541 1926 venum
565 1858 668 1925 inisse
693 1859 853 1946 ignotum.
898 1858 982 1942 Quis
1001 1859 1104 1946 igitur
1123 1881 1161 1924 eo
1181 1881 1258 1946 pro-

38 1963 180 2030 oeeserit
197 1962 406 2040 temeritatis,
431 1965 470 2028 ut
487 1962 573 2028 hsno
593 1963 699 2050 ipsum
721 1959 762 2027 ob
783 1983 916 2027 oensem
940 1959 1057 2026 librum
1082 1960 1117 2026 in
1141 1962 1258 2028 ceteris

39 2065 206 2132 oodioibns
222 2070 338 2132 ootsvo
352 2065 422 2131 looo
439 2066 624 2130 exstantem
638 2063 821 2130 neeessario
837 2055 910 2130 esse
924 2063 1042 2129 falsum
1063 2064 1257 2130 contendet?

39 2169 160 2234 Altera
173 2171 283 2245 summ
299 2189 407 2245 oense,
424 2167 509 2255 qnod
524 2166 713 2255 disputandi
727 2165 812 2232 ratio
827 2167 899 2232 tota
918 2164 1100 2244 obhorreat,
1119 2165 1257 2252 diligen-

39 2271 107 2336 tius
124 2272 181 2336 est
194 2269 423 2352 epaminonda
445 2293 521 2351 nom
536 2269 565 2335 si
579 2291 656 2336 vers
670 2272 769 2348 esset,
784 2268 932 2355 equidem
947 2266 1173 2354 gravissimam
1187 2290 1259 2334 eam

38 2373 200 2442 haberem.
228 2373 390 2442 ‘Primum
410 2376 519 2443 autem
545 2371 703 2438 Nourrius
730 2394 803 2438 eum
829 2371 1000 2438 abhorrere
1018 2369 1099 2436 dioit
1117 2370 1256 2459 inserip-

37 2477 137 2556 tione‚
153 2473 262 2553 titulo,
279 2475 385 2552 ntodo,
400 2495 483 2561 quse
497 2473 563 2540 tris.
577 2479 689 2562 aperte
704 2474 870 2542 referende
886 2476 963 2540 sunt
977 2472 1131 2538 adunam
1142 2471 1257 2562 ‹lispu-

38 2579 130 2644 tsndi
146 2577 315 2646 ustionem.
351 2578 427 2644 eod
441 2577 521 2642 hoeo
535 2580 592 2662 qut
605 2576 737 2642 tandem
752 2575 934 2654 abhorreat,
954 2576 996 2642 od
1015 2574 1187 2642 videndum
1212 2576 1259 2644 sit

39 2678 243 2758 subdiffioile,
255 2679 320 2745 nisi
333 2678 462 2744 dustein
476 2679 537 2745 hoe
549 2678 632 2744 libro
648 2681 763 2746 ootevo
777 2677 1256 2768 nimisperspioueetertiprue·

1 2827 2 2830 =
39 2782 211 2870 neptisque
223 2781 452 2866 convenienter
462 2781 626 2869 procedet,
639 2781 724 2866 quod
734 2805 791 2848 our
804 2783 874 2860 fias,
889 2780 974 2846 infra
984 2779 1137 2846 dicemus.
1157 2778 1255 2849 Oete-

39 2907 109 2950 rum
122 2883 210 2950 ratio
224 2905 358 2972 prorsus
373 2885 496 2950 eedem.
522 2881 670 2968 Namque
682 2882 932 2971 quodNourrius
946 2881 1042 2948 huius
1052 2883 1254 2952 Stromstum

39 2985 176 3052 rationis
190 2985 225 3052 id
238 2985 467 3051 mnximeesse
482 2985 572 3074 dioit,
588 2987 628 3050 ut
641 2985 795 3070 dogmate
809 2985 861 3052 hio
874 2989 909 3052 et
921 2983 988 3049 illie
1006 2983 1155 3071 inspersu
1176 2985 1253 3068 sint,

39 3087 98 3154 hoo
112 3088 243 3174 quidem
259 3089 294 3153 in
309 3089 415 3176 primo
429 3086 536 3174 oopIte
549 3087 765 3155 animadverti
780 3089 900 3175 potest.
921 3085 988 3152 Hie
1001 3086 1085 3152 enim
1101 3086 1256 3172 dogmetu

39 3195 264 3277 agnoscuntur
278 3191 318 3256 de
332 3190 364 3256 vi
379 3187 586 3278 preostionis,
601 3187 641 3254 de
656 3190 806 3256 veritatis
816 3188 998 3276 discipline,
1014 3188 1054 3254 de
1068 3187 1174 3266 modo,
1190 3211 1255 3276 quo
1320 3253 1325 3259 .

39 3296 193 3360 narentur
206 3291 525 3381 contemplationum
541 3291 686 3370 seientia,
701 3292 741 3358 de
756 3296 866 3375 γνώσει
884 3291 1042 3358 divinitus
1062 3291 1193 3372 donate,
1214 3291 1255 3360 de

40 3395 235 3462 necessitate
254 3394 329 3484 puri
342 3395 519 3481 -sonotique
538 3391 638 3460 enimi
657 3395 699 3460 sd
718 3393 890 3462 veritatem
908 3391 1159 3482 percipiendam,
1179 3393 1253 3462 elie.

38 3499 87 3564 At
100 3519 183 3564 vero
193 3495 355 3565 hoeidem
368 3495 404 3562 in
415 3496 550 3583 reliquis
561 3495 723 3584 ospitibus
734 3517 800 3562 non
810 3496 890 3576 deri,
905 3519 1017 3564 verum
1025 3501 1099 3576 est3
1123 3498 1179 3564 sed
1193 3497 1254 3566 hoe

38 3603 78 3666 ad
93 3599 229 3668 tertiam
241 3599 334 3668 dveit
346 3621 489 3685 oensem,
506 3597 593 3684 quod
605 3597 658 3664 hio
670 3598 755 3694 liber
767 3598 852 3666 VIII
866 3621 938 3666 oum
955 3603 1081 3689 septem
1091 3601 1255 3690 prioribus
1360 3613 1362 3616 ’

37 3703 117 3770 nihil
141 3702 470 3789 argumentisshabost
497 3723 676 3768 commune.
730 3700 820 3784 Quid
844 3702 950 3768 enim?
990 3703 1094 3784 Quae,
1121 3725 1252 3789 quaeso,

37 3807 144 3886 arbor,
159 3829 246 3894 quse
254 3807 368 3895 pionte
381 3805 415 3870 in
430 3807 550 3883 monte,
568 3803 624 3870 nbi
640 3803 705 3882 „de
717 3803 880 3870 industrio
893 3803 1047 3870 tortilium
1062 3827 1128 3870 uno
1141 3809 1176 3871 et
1189 3827 1254 3874 non

36 3909 193 3976 fertilium
208 3907 505 3998 plenteesntorum
522 3909 601 3972 sunt
616 3905 831 3973 commutare
842 3913 889 3988 2),
909 3905 1101 3993 reprehendi
1119 3907 1251 3994 poterit,

37 4013 123 4099 quod
142 4033 216 4079 oum
232 4010 371 4096 reliquis
387 4009 468 4078 nihil
487 4007 606 4075 hsbeet
630 4008 818 4076 commune?
846 4006 893 4073 Et
917 4029 1076 4092 quaenam
1101 4009 1251 4086 „hetero-

35 4126 162 4200 genea“
176 4111 288 4202 possit
296 4112 428 4179 treherii
452 4110 657 4198 Quamquam
671 4111 804 4196 ineptus
819 4109 950 4200 quidem
965 4131 1003 4180 so
1017 4109 1106 4176 rudis
1121 4110 1156 4177 in
1171 4133 1251 4202 qoo-

34 4219 84 4283 vis
98 4214 221 4295 monte,
236 4213 330 4281 ouius
344 4213 470 4282 arboris
484 4213 633 4300 frugibus
643 4213 737 4285 nesci
754 4213 839 4280 forte
859 4211 987 4302 nequit,
1008 4235 1080 4279 erm
1100 4212 1259 4292 ‚,hetero·.

33 4331 206 4407 genesm,“
226 4317 248 4384 i.
268 4338 295 4384 e.
314 4315 385 4386 loeo
405 4316 571 4404 indignum
589 4313 641 4384 vel
659 4315 803 4405 ineptum
830 4315 995 4384 existimet
1002 4339 1011 4394 3
1041 4315 1099 4384 sed
1124 4313 1250 4405 peritus

33 4499 239 4514 *a

88 4571 114 4642 ¹)
133 4571 234 4636 pseu.

73 4657 115 4726 ³)
131 4646 378 4726 ostensuros.
413 4655 415 4662 ’
