2820 5052
626 335 690 406 245

554 426 756 444 u-qn—-a

51 525 128 594 nime
139 543 217 593 esse
230 520 353 591 debere
362 521 415 590 vel
425 513 585 610 φιλαυτίαν
595 524 647 592 vel
662 523 836 612 φιλοδοξίαν
850 521 954 590 dieit'
943 543 1021 600 une.
1035 523 1084 592 15.
1098 517 1173 590 libri
1187 517 1265 591 VII.

50 630 83 695 ln
96 629 155 694 hoe
169 627 258 694 enim
274 627 423 696 haereses
438 647 565 704 eorum,
589 649 644 712 qur
634 625 768 694 'labore
787 626 937 692 veritatis
957 625 1167 694 inveniendae
1186 601 1268 692 vieti

50 727 226 820 opinionem
246 751 307 820 pro
328 728 693 821 persuasionehabent,
731 727 1267 818 φίλαυτοικαίφιλίθοίοιίίο
1316 762 1318 766 v

50 835 209 912 roeantur,
221 837 263 900 ut
275 837 418 922 φιλαυτία
429 835 479 898 καί
491 833 650 918 φιλοδοξία
666 853 808 898 causae
823 834 1012 918 appareant,
1024 831 1120 908 unde,
1132 829 1264 926 domoq-

51 933 200 1004 strotione
214 959 284 1003 non
297 937 386 1002 reete
400 935 573 1013 instituta,
594 953 717 1002 errores
731 935 952 1015 nascantur).
994 932 1034 999 In
1053 933 1135 1001 libro
1155 936 1265 1000 antem
1395 1015 1402 1032 ¹

50 1039 154 1105 oetoro
176 1037 467 1105 demonstrandum
491 1059 563 1105 esse
584 1037 718 1105 docetur
743 1036 981 1122 ἀφιλοθίίως
1006 1039 1071 1102 καὶ
1101 1037 1265 1128 etpalat-

50 1147 158 1226 ro42).
196 1141 304 1208 Porro
313 1139 598 1208 demonstrationis
614 1139 687 1206 finis
703 1161 744 1206 ex
754 1160 820 1204 una
835 1135 950 1203 saltem
965 1139 1059 1225 parte
1072 1139 1112 1204 ut
1124 1137 1266 1224 gnostioi

49 1241 162 1308 initiu
177 1243 359 1310 σι’161ἰθιὶ
374 1241 441 1310 VH
454 1243 588 1332 ponitur
602 1247 622 1330 ἡ
637 1243 755 1330 θεωρία
774 1244 794 1326 ἡ
817 1235 1051 1326 ἐπιστημονιιιής
1074 1240 1166 1327 atqui
1185 1239 1265 1308 haee
1386 1229 1389 1238 ¹

50 1343 150 1411 eadem
176 1348 219 1412 ut
246 1345 469 1434 inquisitionis
499 1345 625 1412 fruetus
654 1343 689 1408 in
716 1341 790 1408 libri
815 1339 901 1410 VIII
925 1342 1088 1429 prooemio
1114 1345 1265 1412 occurrit

50 1445 168 1514 Deinde
181 1448 219 1515 in
235 1469 264 1514 e.
280 1451 328 1514 16.
352 1447 426 1526 libri
441 1447 519 1525 VII,
539 1445 708 1536 principio,
729 1445 832 1531 quod,
853 1463 951 1530 quum
972 1443 1017 1510 sit
1036 1444 1263 1524 certissimum,

50 1548 261 1619 demonstrari
274 1554 384 1617 tamen
398 1551 553 1645 nequeat,
579 1548 621 1614 ad
636 1546 922 1614 demonstrandum
941 1569 1024 1634 opus
1044 1569 1116 1614 esse
1136 1547 1264 1614 dieitur.

50 1651 244 1719 Hoe'autem
259 1651 463 1742 principium,
475 1685 517 1746 ᾗ*
539 1651 649 1738 agitur
660 1665 698 1716 eo
711 1649 782 1716 loeo
797 1649 837 1714 de
851 1648 1103 1716 demonstranda
1117 1649 1265 1718 doetrina

51 1751 237 1833 christiana,
260 1793 302 1804 -
324 1755 404 1821 deus
430 1757 498 1820 ert..
536 1753 759 1842 Quapropter:
786 1753 885 1816 aieret
905 1755 1129 1841 περιβάλλομιν
1150 1753 1264 1820 ἀναπί-

52 1857 157 1922 θιυιιον
173 1860 230 1943 rba
248 1857 393 1944 ἀρχήνθ).
436 1857 476 1922 Ιιι
489 1855 573 1923 libro
589 1855 673 1923 VIII
693 1875 805 1920 rursus
826 1853 992 1919 καθόλου
1015 1853 1263 1942 pronunoiatur:

53 1956 92 2020 ἐπὶ
112 1959 175 2043 τὴν
189 1958 410 2024 ἀναπόδεικτον
433 1961 493 2046 ἀρὰ
513 1961 607 2025 πίστιν
627 1962 647 2044 ἡ
667 1963 752 2022 πᾶσα
774 1955 924 2027 ἀπόδειξις
944 1957 1136 2044 ἀνοίγεται4).
1179 1955 1270 2023 Tum

52 2077 116 2122 rere
148 2059 185 2152 in
223 2081 254 2126 o.
288 2059 338 2124 16.
372 2059 446 2126 libri
479 2059 547 2125 VH
580 2055 865 2126 demonstrationis
907 2057 1001 2142 quasi
1040 2059 1183 2150 essentia
1215 2060 1264 2126 ita

52 2159 244 2247 explicatum
279 2164 298 2248 ἡ
329 2163 389 2250 παῤ
418 2163 488 2248 ἡμῖν
518 2165 552 2228 δὲ
579 2169 634 2248 τῆς
661 2161 811 2246 ἀληθείας
832 2160 991 2243 ἐπίγνωσις
1022 2161 1062 2226 ἐν
1092 2166 1161 2226 τῶν
1190 2161 1263 2249 ἤδη

53 2269 181 2330 πιστῶν
207 2268 290 2334 τοῖς
310 2262 411 2328 οὔπω
427 2268 575 2336 πιστοῖς
592 2263 835 2348 ἐκπορίζουσι
849 2262 912 2345 τὴν
928 2263 1063 2339 πίστιν,
1076 2265 1145 2350 ,ἥτις
1161 2265 1260 2343 θυσία,

9 2439 10 2442 ¹
54 2365 88 2434 θς
103 2366 208 2444 εἰπεῖν,
226 2364 413 2437 ἀποδείξεως
425 2367 654 2448 καθίσταταιὸ).
683 2361 981 2430 Demonstrationis
996 2366 1106 2430 autem
1120 2365 1264 2432 essentia

54 2463 141 2531 etiam
155 2467 192 2533 in
207 2465 292 2533 libro
307 2469 421 2536 ootaro
441 2453 593 2534 difinitur
605 2467 656 2534 his
673 2465 797 2534 verbis:
821 2466 874 2530 ἐὰν
895 2465 946 2530 οὖν
967 2489 1012 2538 τις
1034 2467 1152 2556 εὑρεθῇ
1172 2468 1262 2552 λόγος
1381 2553 1386 2568 ¹

30 2571 184 2640 ,τοιοῦτος
201 2571 269 2640 οἷος
291 2570 330 2634 ἐκ
351 2575 420 2635 τίίιν
442 2569 512 2654 ἤδη
529 2574 756 2641 πιστῶνποῖς
773 2569 874 2634 οὔπω
890 2571 1037 2640 πιστοῖς
1060 2571 1262 2658 ἐκπορίία·

55 2667 133 2732 σθαι
152 2673 221 2756 τὴν
252 2671 376 2736 πίστιν
403 2665 630 2756 θονίίμενος,
660 2673 757 2740 αίιτὸνί
770 2677 878 2738 τοῦτον
900 2671 980 2736 εἶναι
997 2673 1142 2758 φήσομεν,
1156 2673 1262 2738 οὐσίαν
1375 2738 1378 2748 ,

54 2767 278 2853 ιἰποδιίευωςί).
337 2770 418 2849 Sed,
437 2791 479 2837 ne
503 2773 626 2838 multus
655 2773 730 2839 fiam
750 2773 785 2838 in
810 2795 845 2838 re
865 2772 934 2838 iam
960 2771 1150 2852 manifesto,
1183 2771 1262 2839 haee
1311 2779 1314 2786 '

56 2865 217 2940 haetenus.
273 2873 338 2938 His
364 2873 449 2939 enim
475 2875 649 2962 expositis,
680 2877 790 2942 neseio
815 2899 859 2940 an·
882 2874 985 2940 euivis
1008 2875 1129 2940 homini
1151 2874 1263 2940 oritioo

55 2966 265 3060 fragmentum
288 2975 362 3042 libri
379 2975 464 3042 VIII
487 2999 597 3042 verum
613 2977 819 3042 iudicandum
848 2997 921 3043 esse
951 2976 1109 3043 rideatur.
1159 2975 1263 3042 Nobis
1316 3059 1320 3074 Ι

55 3071 174 3156 quidem
205 3079 261 3144 est
289 3077 583 3164 persuasissimum.
626 3079 742 3164 Itaque
759 3077 801 3144 ad
815 3081 1042 3166 argumentum
1057 3075 1147 3145 brevi
1161 3099 1262 3166 expo-

55 3177 186 3246 nendum
201 3198 389 3311 pergamus.
1327 3166 1333 3180 ¹

643 3353 695 3418 14.

136 3469 372 3557 Fragmenti
398 3468 493 3538 libri
520 3356 626 3538 vui
646 3469 921 3558 argumentum
948 3469 1170 3558 exponitur.
1258 3541 1264 3552 ,

111 3588 303 3678 Fragmenti
317 3589 427 3655 autem
440 3585 528 3658 illius
542 3592 779 3679 argumentum,
802 3612 900 3676 quum
915 3589 991 3691 quia
1009 3591 1197 3678 dogmatum
1210 3588 1262 3659 di

57 3683 197 3758 vinorum
210 3707 315 3781 panea
328 3691 362 3757 in
377 3695 539 3780 prooemio
552 3697 682 3765 tantum
697 3692 852 3770 eontinet,
868 3694 939 3759 tum
954 3689 1041 3779 quod
1055 3691 1264 3780 philosophae

33 3790 203 3861 ‘nataae
215 3793 384 3860 multum
374 3813 414 3860 ιιι
424 3793 542 3885 Capite
562 3797 603 3863 de
618 3792 784 3864 Clemente
803 3792 993 3884 philosopho
1012 3792 1262 3872 enueleabimue,

57 3884 138 3960 brevi
153 3916 363 3986 exponemus.
406 3896 567 3966 Prooemii
581 3899 711 3987 quidem
725 3900 852 3988 partem
874 3895 1014 3980 aliquam
1034 3895 1148 3962 deesse
1162 3895 1262 3962 eonii-

57 3990 169 4079 oimus,
191 4015 339 4068 neerero
353 4021 514 4088 magnam.
558 4003 636 4082 Sed,
650 4005 790 4070 utnune
804 4001 866 4078 est,
881 3996 1067 4086 ineipitita.
1082 4033 1124 4046 -·

59 4128 252 4152 Ἢ

99 4197 318 4272 *impete
431 4247 437 4264 .

106 4285 337 4356 brut-nors.

107 4369 133 4428 'l
150 4373 209 4428 VII.
222 4393 248 4444 p.
262 4375 362 4434 ditat.
375 4393 429 4446 sqq.

109 4452 362 4530 omnpote-
501 4487 508 4497 -
600 4487 606 4498 ·

110 4539 133 4608 ³)
150 4541 210 4599 VII.
223 4565 248 4616 p.
259 4545 322 4603 892.
335 4593 343 4612 ,,

65 4633 70 4642 ’
92 4636 95 4646 “
115 4623 341 4703 ‘lentant
