2830 5052
629 317 871 415 2³-ss..

65 481 70 498 ⁸
163 523 247 594 quae
260 501 313 568 dei
327 501 396 571 veri
414 502 499 570 filios
519 501 652 591 probat3
680 501 889 568 abstinente
905 497 1018 566 multis
1036 519 1261 591 saepenumero
1274 521 1356 589 quun

162 605 204 684 ei,
219 606 275 697 qui
289 605 376 672 idola
386 605 509 683 colunt,
524 609 595 670 tum
606 604 710 692 Magi.
736 604 825 671 Sunt
836 624 944 694 porro,
961 602 1018 692 qui
1032 625 1068 667 re
1082 603 1212 692 quidem
1231 603 1356 692 inprimis

162 705 341 775 Dominum
361 708 484 774 imitari
502 705 708 788 dictitantes3
731 707 971 774 matrimonium
990 727 1012 770 a
1030 705 1159 772 diabolo
1176 727 1248 772 esse
1265 705 1357 792 aputu

136 801 310 878 'doceant
354 809 483 893 Qnihrm
509 808 697 900 Scriptura:
729 809 865 888 „Dens,
896 807 1021 899 inquit,
1046 807 1195 896 snperbia
1217 805 1356 875 aarum

158 912 323 980 Dominus
338 916 447 978 autem
462 933 595 978 uxorem
609 933 675 976 non
689 909 795 990 duxit,
825 912 903 1001 quia
916 910 1079 999 propriam
1095 909 1211 976 habunt
1224 929 1357 997 spensm

159 1013 340 1093 ecclesiam,
351 1015 403 1081 cui
418 1014 528 1093 etim,
540 1015 580 1079 ut
594 1013 651 1100 qui
670 1017 803 1080 maneat
815 1014 849 1079 in
864 1017 1032 1080 aeternum
1050 1017 1088 1078 ot
1104 1015 1205 1080 natas
1224 1011 1273 1078 sit
1286 1009 1357 1076 solus
1397 1081 1398 1086 ἵ

159 1117 212 1184 dei
225 1115 324 1196 filius,
339 1116 424 1184 filios
438 1137 617 1205 procreare,
631 1115 762 1183 minime
776 1119 848 1182 erat
866 1135 1008 1182 nocoese.
1050 1115 1256 1204 Ipseautem
1272 1110 1358 1178 honi·

158 1218 267 1299 nibus,
281 1221 322 1285 nt
334 1239 438 1307 genus
452 1219 628 1285 humanum
642 1241 746 1306 usqne
760 1219 802 1285 ad
812 1218 926 1285 mnndi
938 1218 1036 1284 finem
1050 1220 1249 1307 permaneat,
1262 1213 1357 1282 matri·

157 1322 302 1390 monium
315 1321 535 1388 necessarium
548 1343 622 1387 esse
635 1315 740 1388 docet
785 1319 984 1388 Castitatem
997 1341 1085 1398 vero,
1102 1341 1200 1407 quam
1214 1316 1358 1388 nonnullis

119 1469 125 1481 ·
159 1423 287 1502 suadet,
301 1425 581 1510 nequeadomnes
593 1423 712 1490 reierre
722 1424 801 1492 licet
813 1447 918 1511 neque
932 1423 1358 1511 quavisexaamaadanae
1398 1503 1399 1510 ἵ

159 1525 244 1594 Nam
260 1526 403 1594 athletae
418 1531 453 1594 et
467 1525 644 1594 citharoedi
660 1528 689 1592 si
703 1525 885 1605 abstinent,
899 1549 966 1594 non
979 1525 1053 1592 ideo
1065 1527 1193 1596 virtute
1203 1523 1358 1596 aalma
1398 1519 1399 1538 ¹

157 1628 224 1697 Sed
239 1629 362 1695 casola
380 1630 519 1696 castitas
540 1628 627 1695 bona
650 1631 719 1708 est,
739 1651 823 1716 qnae
836 1629 955 1696 nititur
973 1629 1036 1696 dei.
1050 1630 1200 1700 mritutc.
1243 1625 1357 1696 Doctri-

155 1753 233 1798 nam
256 1730 419 1818 igiturde
441 1729 732 1810 abstinentissimo,
761 1731 805 1796 ad
828 1753 940 1798 omnes
965 1731 1164 1819 pertinente
1194 1729 1358 1821 Apostolus

155 1831 290 1900 Diaboli
309 1853 383 1899 esse
403 1831 492 1899 dicit
534 1835 673 1900 Veteres
694 1832 824 1920 quidem
843 1832 925 1900 iusti
942 1831 1041 1900 rebus
1060 1809 1241 1902 andnam
1259 1829 1358 1900 aean
1399 1819 1400 1854 r

155 1957 231 2004 cum
245 1935 426 2024 gratiarum
445 1935 574 2002 actions
592 1937 629 2000 et
646 1934 863 2002 versabantur
881 1936 916 2002 in
937 1937 1143 2004 matrimonio
1161 1935 1358 2004 mnsam.

153 2037 275 2107 Petrus
289 2041 324 2106 et
334 2037 506 2126 Philippus
515 2035 600 2103 filios
613 2041 838 2126 procrearunt3
853 2042 889 2104 et
898 2037 952 2104 hio
964 2037 1094 2128 quidem
1107 2038 1191 2109 filins
1208 2059 1284 2108 suas
1294 2035 1358 2104 viris

154 2141 255 2210 dedit.
297 2141 422 2210 Paulus
437 2140 548 2207 uxoris
564 2161 673 2207 secum
684 2140 849 2207 ducendas
863 2161 899 2206 se
912 2139 1031 2208 habere
1040 2144 1242 2229 potestatem
1251 2139 1358 2210 scribit

154 2243 222 2313 Sed
242 2241 396 2334 Apostoli
417 2247 552 2332 propter
569 2241 776 2330 praedicandi
797 2265 915 2309 munus
934 2265 1052 2311 mores
1070 2247 1230 2333 tanquam
1250 2263 1358 2314 sorores
1400 2245 1401 2296 ἐ

152 2347 334 2436 possident.
377 2347 536 2411 Attamen
548 2361 708 2431 ‚aeguum
721 2345 785 2422 dei,
800 2345 850 2411 ait
864 2345 998 2425 Paulus,
1020 2369 1086 2414 non
1099 2352 1245 2418 estosca
1264 2352 1298 2416 et
1312 2367 1358 2436 po·
1400 2345 1401 2348 ’

152 2453 245 2528 tus,“
265 2469 372 2538 neque
386 2467 464 2534 ergo
487 2447 686 2513 abstinentia
705 2469 725 2512 a
743 2447 819 2513 vinc
838 2451 873 2515 et
895 2449 1062 2530 carnibus,
1090 2452 1174 2530 „sed
1191 2451 1319 2522 insutis
1333 2449 1360 2516 et

153 2573 220 2642 pax
234 2553 269 2618 et
278 2549 434 2638 gaudium
447 2549 483 2615 in
497 2549 615 2638 spiritu
631 2553 816 2636 sancto‘fl).
1354 2566 1358 2584 ⁵

218 2667 406 2735 Humana
429 2667 533 2755 igitur
558 2661 776 2751 continentia,
803 2667 930 2756 qualem
956 2666 1077 2737 Graeci
1097 2671 1359 2762 philosophicis·

151 2771 269 2849 tuunt,
302 2792 337 2837 se
359 2791 506 2860 pugnare
532 2769 705 2858 profitetur
729 2791 803 2837 cum
833 2769 1013 2858 cupiditate
1044 2795 1149 2860 neque
1173 2799 1315 2864 unquam
1336 2769 1359 2838 ei

151 2871 274 2941 iactis
295 2871 467 2951 inservire;
490 2873 631 2940 nostra
651 2875 761 2939 autem
777 2873 822 2939 'ne
836 2875 1061 2963 concupiscere
1076 2878 1219 2964 quidem,
1236 2877 1358 2952 nonita,

150 2979 191 3043 ut
213 2975 286 3064 quis
307 2975 539 3066 concupiscens
558 2973 676 3042 fortem
698 2997 733 3042 se
752 2975 922 3064 praebeat,
947 2979 1005 3044 sed
1028 2982 1068 3045 nt
1091 2981 1155 3046 vel
1180 3005 1200 3048 a
1226 3001 1357 3051 concu-

147 3079 190 3173 pi
199 3079 349 3148 scendo
365 3101 400 3162 se
415 3079 591 3158 contineat,
608 3101 691 3166 quae
706 3077 906 3145 continentia
920 3102 985 3146 non
999 3082 1180 3168 acquiritur
1187 3084 1254 3151 nisi
1265 3081 1358 3171 gratia

150 3179 214 3253 dei.
260 3181 540 3264 Quemadmodum
562 3183 672 3248 autem
691 3181 807 3248 melius
827 3185 880 3248 est
901 3203 1015 3248 sanum
1041 3206 1123 3262 esse,
1138 3207 1236 3271 quam
1256 3205 1358 3273 aegru-

149 3285 277 3350 tantem
292 3283 452 3360 disserere
463 3283 503 3350 de
519 3283 677 3351 sanitate:
693 3285 742 3350 ita
755 3283 859 3350 lucem
875 3305 979 3363 esse,
996 3307 1093 3370 quam
1106 3288 1218 3374 loqui
1234 3291 1274 3359 de
1287 3291 1358 3363 luce,

149 3387 185 3454 et
200 3385 312 3460 melior
326 3383 425 3452 etiam
440 3408 517 3452 vera
530 3381 740 3464 continentia,
756 3409 853 3471 quarn
864 3407 913 3465 ea,
929 3409 1011 3472 quae
1027 3388 1264 3481 aphilosophis
1274 3394 1358 3460 docc-
1398 3385 1402 3420 ⁴

149 3489 216 3558 tur.
259 3485 300 3552 In
326 3484 583 3576 concupiscendo
608 3487 674 3582 iam
693 3488 837 3555 cernitur
857 3493 1044 3578 peccatum,
1071 3495 1219 3580 quamvis
1250 3517 1357 3564 concu-

148 3589 296 3682 piscatur
312 3589 381 3654 sine
395 3587 493 3656 iacto.
536 3587 635 3672 Quod
648 3587 690 3654 ad
709 3591 964 3670 matrimonium,
984 3594 1184 3677 alimentum,
1205 3605 1313 3668 cetera
1329 3595 1357 3662 id

150 3714 255 3780 genus
271 3691 426 3780 pertinet,
449 3690 563 3758 horum
584 3691 725 3757 omnium
745 3695 929 3761 necessaria
947 3699 1077 3762 tantum
1097 3672 1179 3766 velle
1198 3699 1356 3776 debemus,

148 3795 229 3862 nihil
248 3815 324 3862 vero
345 3793 450 3860 facere
474 3791 750 3882 concupiscentes.
793 3794 906 3882 Neque
931 3799 1016 3865 enim
1042 3823 1155 3868 sumus
1174 3801 1356 3892 cupiditatis

147 3897 215 3974 filii,
232 3897 290 3964 sed
304 3895 496 3963 voluntatis.
519 3895 613 3962 Haec
628 3918 703 3963 vero
718 3898 918 3965 continentia
931 3924 995 3968 non
1011 3902 1053 3967 ad
1066 3903 1167 3970 solam
1179 3905 1356 3972 castitatem

32 4003 36 4026 ⁵
148 3999 280 4079 attinet,
301 3997 445 4086 quinimo
460 3997 494 4062 in
509 3999 670 4077 omnibus,
693 4021 775 4086 quae
791 4004 986 4090 appetimus,
1008 4009 1043 4072 st
1055 4006 1090 4072 in
1104 4007 1243 4096 pecunia
1257 4005 1357 4096 despi-

148 4099 272 4181 cienda,
288 4101 467 4190 voluptate,
488 4100 704 4189 possessione,
725 4106 1021 4194 contemnendoque
1044 4110 1240 4196 spectaculo,
1260 4109 1356 4178 conti·

147 4201 317 4288 nendoque
333 4225 389 4270 ore
404 4205 504 4289 atque
514 4202 664 4269 omnibus
675 4203 769 4270 malis
781 4207 924 4274 cernitur
932 4209 1108 4289 vincendis,
1124 4233 1220 4299 quam
1231 4215 1358 4302 propter

149 4301 319 4374 caritatem
345 4325 424 4393 erga
447 4303 556 4373 Deum
581 4307 617 4372 et
635 4310 769 4395 propter
782 4307 887 4398 ipsam
907 4310 1111 4380 honestatem
1129 4315 1356 4406 amplectimur.

202 4509 228 4580 ι)
246 4527 272 4580 p,
286 4509 431 4570 529-587.
465 4513 587 4568 Adnsoth
602 4516 649 4568 sub
664 4515 741 4572 huius
752 4519 842 4586 capitis
852 4519 929 4574 finem
941 4521 1061 4576 nonnulla
1073 4522 1192 4578 adversus
1203 4519 1355 4589 mosanti!

147 4597 306 4654 &mnsam
316 4601 502 4668 moesiorum
512 4605 689 4659 conmunione
699 4604 832 4690 plautum.
1058 4599 1061 4606 ’
