2820 5052
620 309 690 376 '253
809 301 812 310 “

54 494 158 574 meum
177 491 247 562 nisi
272 493 405 562 esterna
426 492 483 563 illa
500 493 683 565 coniunctio
701 493 829 565 luisset.
873 493 1020 580 Quarum
1039 469 1286 568 refutationem-

53 594 330 672 amantissimam
344 595 488 667 invenies
503 596 591 684 apud
605 595 778 664 Nourrium
792 622 823 686 p.
841 599 1064 668 1298-1299.
1107 599 1267 688 Equidem

53 697 144 766 altius
159 695 247 766 bane
269 699 491 800 quaestionem
505 702 667 788 repetere,
693 699 744 772 vel
763 701 873 790 petius
893 723 1033 772 errorem
1050 700 1142 773 illum
1162 704 1267 775 subti-

52 799 180 870 lioribus
194 799 400 888 argumentis
415 800 559 912 refellere
572 799 658 870 haud
673 824 746 870 esse
760 825 842 892 opus
856 825 981 872 censeo.

221 1073 284 1140 De
306 1075 499 1172 tempore,
523 1097 599 1162 quo
620 975 805 1142 gig-liber
827 1073 1005 1164 scriptus
1030 1075 1097 1144 sit.

96 1193 161 1260 ·De
177 1195 328 1282 tempore
345 1195 474 1272 autem,
494 1217 558 1282 quo
579 1194 631 1262 hic
651 1195 732 1262 liber
747 1195 888 1284 scriptus
910 1195 969 1274 sit,
990 1197 1166 1284 quidquam
1186 1197 1266 1262 certi

53 1297 191 1362 statuere
207 1297 264 1362 est
278 1294 511 1371 difficillimum.
555 1296 667 1364 Unum
681 1301 810 1364 tautum
824 1297 977 1364 indicium
993 1301 1074 1366 satis
1091 1303 1198 1366 tamen
1209 1321 1268 1386 ge-

51 1398 154 1466 nerale
166 1397 313 1468 occurrit
323 1397 357 1464 in
372 1420 441 1486 cap.
457 1399 510 1476 26,
526 1421 589 1486 quo
604 1399 750 1490 legentes
765 1399 886 1486 allegat
900 1399 941 1465 ad
953 1400 1048 1468 ubam
1060 1401 1266 1490 scriptionem

51 1523 151 1580 suam,
182 1493 285 1588 quam
305 1499 465 1588 appellat:
498 1503 551 1590 τὴν
578 1504 682 1592 ἀρχῶν
701 1504 752 1568 καὶ
777 1503 941 1588 θεολογίας
963 1503 1112 1590 ἐξήγησιν.
1155 1505 1268 1590 Atque

49 1601 123 1670 hane
138 1602 275 1690 quidem
291 1624 327 1668 se
344 1624 415 1667 esse
430 1603 685 1696 compositurum
700 1604 734 1668 in
750 1603 936 1684 Stromatis‚
953 1627 1035 1692 quae
1056 1605 1098 1670 ad
1117 1627 1176 1672 nes
1192 1627 1265 1692 per·
1319 1603 1322 1610 '

51 1708 214 1784 venerunt,
233 1725 330 1794 saepe
344 1703 562 1794 pollicetur1).
606 1707 695 1794 Ergo
710 1706 843 1773 librum:
867 1705 919 1780 Τίς
942 1708 1147 1794 tantopere<
1167 1709 1265 1772 alot—
1339 1734 1353 1746 ··

51 1833 119 1884 osor,
135 1813 216 1898 post
230 1805 351 1872 librum
367 1807 486 1874 Strom.
502 1807 587 1875 VIII
608 1809 723 1874 saltem
743 1808 900 1898 scriptum
920 1831 993 1874 esse
1009 1811 1155 1897 apparet.
1201 1808 1267 1876 Sed

51 1909 139 1976 etiam
151 1909 232 1978 libri
247 1908 346 1976 dictio
358 1909 512 1988 etoratio,
526 1901 1016 1998 sedatetluensetaeq'uabiliter,
1033 1911 1267 2000 suavisubique
1349 1995 1354 2003 Κ

51 2031 82 2076 ac
95 2011 186 2078 mitis
202 2012 249 2078 ad
264 2011 458 2080 sedatiorem
472 2011 533 2077 viri
554 2017 695 2080 aetatem
714 2035 773 2078 nos
789 2013 889 2079 ducit.
934 2013 1143 2104 Quapropter
1157 2019 1266 2085 neseio

51 2133 86 2178 an
96 2135 132 2180 eo
144 2117 296 2204 tempore
311 2107 357 2182 sit
370 2119 534 2192 exaratus,
550 2137 613 2202 quo
620 2111 770 2181 Clemens
780 2115 815 2180 in
827 2111 1045 2206 Cappadocia,
1058 2141 1155 2203 quum
1168 2118 1265 2186 deeli-

50 2220 155 2305 nasset
168 2215 444 2306 persecutionem,
454 2236 456 2244 ’
467 2216 668 2284 versabatur.
712 2217 778 2284 Hie
799 2217 898 2282 etiam
912 2219 994 2285 mira
1009 2219 1049 2284 de
1063 2219 1178 2286 iuvene
1191 2221 1265 2310 pul·

51 2315 118 2384 ebro
132 2323 237 2408 atque
252 2316 419 2406 ingenioso
434 2317 537 2410 primo
549 2319 681 2386 Ioannis
690 2319 859 2408 discipulo,
874 2323 944 2386 tum
956 2321 1092 2400 latrone,
1107 2343 1189 2408 quae
1200 2345 1264 2389 noa

51 2419 175 2510 seriptis
199 2421 259 2488 sed
284 2421 376 2488 vivae
403 2423 530 2488 tantum
552 2422 724 2488 memoriae
746 2423 891 2492 studiose
911 2423 1134 2490 commendata
1154 2423 1263 2492 trade-

52 2517 151 2603 batur,
174 2523 220 2590 ad
236 2545 329 2592 aures
345 2523 414 2592 eius
429 2527 595 2614 pervenire
614 2527 754 2616 poterat.
798 2523 865 2592 Sed
889 2523 949 2592 hoc
967 2524 1003 2592 in
1018 2525 1203 2595 universum
1224 2527 1264 2594 de

51 2624 202 2715 tempore.

398 2846 458 2913 De
478 2844 596 2912 huius
618 2747 714 2914 iiiut
735 2846 917 2914 consilio.

29 2985 32 2994 ·
108 2964 323 3056 Quantopere
334 2963 480 3034 homines
495 2965 634 3053 integra,
649 2966 757 3052 quoad
771 2966 805 3032 in
819 2967 953 3054 peceato
962 2965 1111 3052 originali
1121 2967 1190 3034 eius
1201 2989 1260 3055 po-

52 3063 131 3134 terat
150 3069 238 3148 fieri,
261 3071 400 3135 naturae
416 3068 576 3148 bonitate,
607 3091 706 3154 quum
721 3067 915 3134 christianae
930 3067 1093 3140 vertitatis
1114 3067 1171 3148 Iun
1189 3073 1262 3136 orta
1281 3131 1286 3142 ‚

52 3173 151 3248 esset,
163 3171 207 3237 ad
222 3169 330 3238 omnia
345 3171 528 3238 Servatoris
551 3171 651 3238 verba
661 3171 764 3238 vitam
780 3170 965 3236 studuerint
978 3169 1187 3250 conformare,
1201 3193 1261 3238 no·-

52 3267 210 3340 tissimum
226 3276 288 3338 est.
331 3271 405 3340 Non
418 3272 454 3339 id
468 3274 596 3362 quidem
615 3275 655 3340 ut
669 3272 833 3363 efficerent
852 3271 1073 3352 enitebantur,
1093 3276 1132 3340 ut
1145 3295 1272 3351 nevam,
1403 3323 1404 3330 κ

52 3368 226 3443 docuinam
240 3375 366 3444 tamdiu
381 3381 559 3454 versarent,
573 3376 649 3442 dum
659 3374 731 3458 sibi,
743 3373 926 3442 homiuibus
938 3375 1112 3456 veteribus,
1124 3399 1194 3445 eam
1206 3399 1261 3445 ae-

52 3479 296 3568 commodarent,
307 3478 364 3545 sed
378 3501 490 3546 vocem
504 3476 640 3544 Domini
647 3478 683 3544 in
693 3470 853 3556 omnibus,
866 3499 1003 3568 semper,
1015 3479 1133 3566 ubique
1144 3481 1261 3568 agendi

53 3595 191 3648 normam
206 3583 421 3668 agnoscentes
435 3579 479 3658 id,
502 3580 588 3666 quod
601 3579 709 3648 verbis
724 3579 793 3647 eius
811 3583 923 3668 aperte
942 3581 1184 3660 declarabatur,
1203 3604 1272 3650 ex·-

54 3683 138 3766 sequi
152 3682 336 3752 voluerunt.
380 3683 487 3750 Erant
504 3683 607 3770 igitur
624 3681 699 3750 inde
719 3674 761 3750 ab
780 3683 874 3750 initio
894 3683 1064 3766 ecelesiae,
1086 3684 1143 3770 qui
1162 3685 1262 3751 verbe

53 3783 232 3854 audientes:
273 3785 402 3854 Unum
433 3785 511 3852 tibi
543 3784 670 3852 deest!
703 3783 818 3852 vadet
853 3807 1109 3874 quaeeunque
1140 3784 1260 3852 habes

54 3888 170 3956 vende
189 3892 230 3956 et
251 3889 299 3954 da
319 3881 578 3978 pauperibus,
600 3886 819 3956 ethabebis
834 3886 1120 3954 thesaurumiu
1134 3887 1259 3966 eoelo;

54 3988 90 4050 et
109 3989 216 4070 veni,
243 4013 409 4077 sequere
435 3990 508 4056 m'el
538 3989 626 4057 dioto
645 3989 832 4058 obedientes
853 3986 978 4058 Christi
997 3988 1105 4076 gratia
1123 3989 1262 4058 libenter

54 4084 162 4159 fierent
175 4115 347 4182 pauperes.
373 4094 424 4160 At
437 4115 514 4161 vero
526 4114 660 4160 numero
673 4091 922 4183 christianornm
936 4093 1110 4170 crescente,
1125 4091 1262 4191 caritate

56 4194 158 4262 autem
170 4195 205 4264 iu
218 4193 339 4262 multis·
349 4194 597 4281 languescente,
625 4193 681 4260 illa
699 4195 773 4284 ipsa
790 4194 890 4262 rerba
905 4191 1099 4262 videbantur
1120 4193 1262 4274 duriora,

55 4294 91 4358 ut
102 4297 231 4383 plurimi
244 4297 319 4366 eum
331 4296 449 4364 iuvene
460 4295 633 4385 Evangelii
645 4295 886 4365 contristati
901 4295 947 4368 ‚iu
966 4295 1087 4364 serbo
1101 4295 1261 4364 abirent
1403 4345 1404 4350 κ

56 4403 289 4510 moerentes,
315 4401 351 4469 et
367 4399 520 4492 inprimis
530 4399 662 4491 quidem
679 4419 807 4481 eorum,
840 4398 898 4488 qui
917 4399 1081 4470 accessuri
1100 4399 1195 4470 erant
1218 4399 1261 4470 ad
1292 4439 1307 4450 κ
1403 4439 1404 4444 ,

57 4527 251 4558 *un-...-

107 4597 585 4676 lacescere.cormacus..
