2820 5052
614 340 678 406 209

53 525 166 603 simam,
184 525 269 612 quoe
287 547 365 594 voce
384 547 450 592 son
467 525 624 605 traditur,
650 511 708 594 iod
732 527 914 596 reverentie
933 528 968 594 et
988 526 1123 604 silentio¹
1138 521 1256 600 senata
1330 545 1333 564 ¹

57 651 116 696 oum
128 627 339 696 admiratione
353 628 493 697 maxime
507 631 561 696 est
574 627 708 696 colende
722 653 761 696 ac
777 629 975 707 veneranda3
999 652 1082 716 qnae
1101 653 1196 718 porro
1211 631 1256 698 ab

56 731 230 798 sistentem
244 731 450 818 intelligitur,
470 731 527 816 qui
548 754 568 796 e
588 729 729 797 Domini)
749 731 844 798 electi
864 732 1004 800 suntad
1024 732 1252 820 cognitionem.

56 832 106 898 Dei
119 832 220 920 igitur
241 833 361 912 cultus,
379 855 475 920 quem
495 837 642 924 praestat
663 835 844 920 gnosticos,
868 833 1076 901 incontinua
1100 835 1255 917 consistit

57 931 140 1020 ipsius
155 935 283 1002 animae
297 938 424 1002 cure-et
442 934 496 1002 dei
516 935 726 1034 occupetipne
746 939 879 1026 propter
898 936 1069 1008 caritatem
1088 960 1254 1041 nopqunm

60 1039 229 1103 essentem.
277 1037 556 1120 Quemadmodum
571 1043 680 1104 autem
694 1037 860 1112 hominum
880 1037 988 1106 cultus
1008 1039 1127 1127 partim
1148 1039 1253 1106 homi·
1386 1037 1391 1046 ”

60 1159 98 1202 res
111 1139 217 1206 reddit
232 1140 393 1218 meliores,
413 1139 533 1228 partim
554 1139 589 1206 iu
607 1139 788 1206 ministerio
804 1141 967 1208 versetur:
990 1139 1025 1205 iu
1045 1141 1181 1208 ecclesie
1200 1164 1253 1208 res

57 1240 183 1308 chaber
205 1242 356 1310 similiter
363 1265 373 1320 3
396 1245 431 1306 et
451 1241 549 1308 istius
577 1241 715 1328 quidem*
731 1242 856 1319 cultus,
882 1241 938 1327 qui
962 1242 1069 1308 reddit
1093 1243 1256 1322 meliores,

56 1342 219 1430 presbyteri
236 1347 369 1412 servant
386 1343 571 1430 imaginem,
592 1343 648 1429 qui
672 1347 783 1410 autem
808 1343 920 1421 servit,
946 1343 1082 1412 diaconi.
1126 1345 1253 1412 Ambo-

55 1441 101 1508 bus
114 1445 212 1512 etiam
225 1445 417 1512 ministeriis
431 1445 541 1532 angeli
553 1448 681 1518 vacant.
723 1435 871 1532 Itemque
886 1443 1054 1532 gnosticos
1069 1445 1253 1514 hominibus

54 1543 134 1626 illem,
150 1571 216 1635 qua
235 1549 322 1616 fiudt
340 1549 498 1625 meliores,
519 1548 666 1634 ostendit
684 1549 1008 1637 contemplationem
1033 1549 1121 1616 solus
1142 1554 1253 1618 eutem

53 1644 169 1718 honeste
184 1651 283 1718 deum
298 1649 416 1729 colens,
432 1651 465 1714 in
480 1649 577 1716 rebus
591 1649 741 1716 humanis
757 1650 827 1716 sine
846 1651 913 1717 ulla
933 1649 1179 1739 reprehensione
1194 1651 1254 1716 deo

53 1751 145 1816 servit.
184 1753 258 1820 Iem
274 1775 350 1820 vero
364 1752 544 1840 gnosticos,
560 1751 711 1842 quoniam
727 1753 816 1820 solus
831 1753 928 1822 deum
943 1752 1071 1819 divinae
1085 1753 1253 1820 maiestati

53 1852 267 1922 convenienter
279 1855 368 1933 colit,
390 1854 478 1921 solus
498 1854 598 1920 etiem
617 1855 680 1922 erit
699 1854 751 1921 dei
771 1857 907 1921 amicus.
954 1852 1049 1920 Siout
1067 1858 1177 1922 autem
1199 1855 1255 1945 qui

52 1955 160 2038 patrem
172 1956 323 2035 honorat,
339 1959 428 2022 amat
442 1979 570 2046 quoque
584 1959 725 2046 petram:
747 1955 796 2022 ita
811 1957 867 2047 qui
880 1957 976 2022 deum
996 1954 1144 2035 honorat,
1165 1960 1255 2026 amat

52 2054 140 2124 deum.
183 2061 291 2126 Amet
301 2059 403 2145 igitur
418 2059 511 2127 deum
528 2059 708 2144 gnosticos,
724 2059 779 2147 qui
794 2062 903 2136 etiam,
920 2057 997 2147 quid
1018 2058 1130 2126 decett
1147 2059 1253 2138 deum,

52 2160 195 2241 quomodo
216 2161 314 2228 homo
334 2161 386 2228 dei
406 2161 466 2226 fiat
488 2159 623 2241 similis„
640 2153 722 2229 bene
742 2160 843 2227 novit.
888 2159 955 2228 Sed
973 2159 1052 2226 haec
1073 2160 1138 2224 tria
1158 2159 1254 2250 perfi-

52 2257 116 2337 oiet;
138 2265 280 2351 primum
293 2283 347 2330 res
369 2265 560 2349 cognoscet3
584 2263 771 2341 secundum,
793 2261 1005 2352 quodcunque
1027 2261 1139 2350 Logos
1159 2285 1254 2352 prae-

52 2365 166 2448 ceperit,
181 2367 218 2432 id
233 2365 398 2442 conficiet3
419 2365 564 2443 tertium,
586 2368 684 2460 prout
698 2365 749 2431 dei
764 2365 911 2456 postulat
925 2364 1081 2452 dignitas,
1101 2387 1150 2444 ea,
1172 2387 1254 2456 quae
1273 2430 1279 2438 ‚
1339 2443 1340 2446 Ἴ

52 2457 222 2536 inveritate
237 2467 365 2534 occulta
379 2470 468 2546 sunt,
481 2468 609 2534 tradere
624 2467 755 2556 poterit.
799 2467 865 2534 Hic
885 2491 974 2556 ergo,
997 2468 1048 2534 cui
1069 2467 1165 2533 deum
1181 2490 1254 2536 esse

51 2567 302 2656 omnipotentem,
317 2593 508 2658 persuasum
524 2573 586 2648 est,
608 2569 664 2656 qui
684 2568 794 2635 divina
808 2569 1099 2658 didicitmysteria
1119 2569 1253 2636 aFilio:

52 2673 192 2748 quomodo
209 2673 327 2746 cidere?
349 2667 432 2738 Nam
448 2675 541 2744 ἄθεος
557 2671 585 2738 is
601 2676 663 2750 est,
681 2670 815 2757 quinon
830 2675 928 2760 putat
947 2672 1155 2750 esae.deum;¹
1177 2695 1254 2738 con·
1326 2739 1333 2751 ,

50 2768 148 2854 traque
163 2777 362 2860 δεισιδαίμων
384 2775 577 2862 (Graecus),
604 2774 660 2860 qui
679 2775 774 2842 timet
794 2774 979 2852 daemonia,
1006 2775 1061 2860 qui
1087 2773 1195 2840 omnia
1208 2774 1253 2856 iu
1328 2823 1330 2828 -

50 2865 165 2942 deorum
176 2877 281 2944 refert
294 2897 472 2954 numerum,
488 2879 523 2942 et
537 2875 660 2962 lignum
675 2879 710 2940 et
720 2875 860 2962 lapidem
871 2879 905 2942 et
918 2876 1079 2964 spiritum,
1093 2876 1254 2944 hominem

49 2976 141 3041 tutem
155 2979 277 3048 rationi
291 2979 518 3046 convenienter
531 2976 695 3042 viventem
708 2977 830 3064 redigit
843 2978 877 3044 in
893 2977 1094 3057 servitutem.
1210 3039 1213 3048 ,

101 3075 165 3146 Sed
178 3081 257 3148 fidei
271 3081 410 3169 primurn
419 3083 484 3158 est,
495 3101 591 3146 nosse
604 3079 714 3156 deum;
731 3079 880 3158 alterum,
893 3078 1076 3146 Servatoris
1087 3077 1253 3146 doctrinae

50 3171 184 3252 fiduciam
199 3183 329 3262 habere,
345 3182 490 3260 tertium,
506 3184 640 3269 propter
654 3181 707 3248 dei
721 3181 921 3268 agnitionem
935 3180 1024 3246 nullo
1039 3180 1134 3248 modo
1148 3179 1254 3250 facere
1377 3257 1382 3264 ,

50 3272 166 3352 iniusta.
199 3286 275 3354 Hae
289 3285 352 3352 fide
367 3287 501 3377 ornatus
515 3285 544 3350 is
559 3283 665 3361 homo,
681 3281 737 3368 qui
752 3305 877 3350 summa
891 3283 926 3350 in
939 3284 1035 3349 deum
1050 3287 1103 3350 est
1116 3271 1251 3374 pietate,

14 3411 18 3418 ·
49 3396 91 3445 res
109 3385 464 3476 estpraestantissima
488 3387 523 3454 in
547 3389 651 3462 terra3
672 3383 708 3450 in
723 3385 816 3452 ¹coelo
837 3388 947 3452 autem
967 3387 1112 3474 angelus.
1156 3388 1253 3454 Per-

49 3475 265 3558 lectissime
291 3493 331 3556 et
358 3489 636 3566 sanctissima,
668 3485 1189 3578 meximequeprincipalie·
1214 3493 1254 3558 et

51 3578 199 3672 ducens,
239 3591 476 3664 etmaxime
507 3589 620 3678 regia
651 3591 691 3655 et
721 3589 841 3678 longe
872 3589 1252 3660 beneficentissima

51 3677 137 3758 Filii
162 3696 225 3762 est
251 3697 413 3773 natura,
447 3713 546 3780 quae
574 3690 650 3758 soli
677 3690 946 3780 omnipotenti
973 3693 1251 3782 estproximo.

52 3781 147 3862 Haeo
173 3800 237 3867 est
263 3795 430 3862 maxima
457 3792 717 3870 excellentia,
751 3816 850 3880 quae
876 3795 1014 3892 omnia¹
1034 3817 1080 3862 ex
1111 3795 1250 3862 Patris

48 3891 251 3966 -voluutate
271 3897 432 3964 ordinet
453 3899 493 3962 et
513 3896 584 3976 hoc
605 3895 837 3962 universum
862 3895 1063 3984 gubernat
1089 3897 1251 3986 optime,

51 3981 258 4078 indelessa,
290 4003 461 4086 atquae
487 4020 682 4084 nunquam
713 4001 852 4086 potest
884 3999 1103 4078 exhauriri,
1136 4003 1252 4087 pote-

54 4093 149 4164 state
170 4089 465 4188 cunetaageus,
488 4103 589 4188 quod
610 4101 698 4188 agit
717 4123 883 4168 aroenae
904 4101 1127 4188 respiciens
1143 4104 1252 4190 cogi-

53 4187 229 4269 tationes.
281 4203 624 4290 Nunquam'enim
651 4215 780 4270 e'sua.
800 4203 961 4270 excedit
994 4203 1158 4290 specula
1190 4203 1254 4270 dei

54 4285 186 4384 Filius,
212 4307 257 4370 ut
279 4305 347 4391 qui
374 4327 571 4398 nunquam
598 4304 823 4384 dividatur,
851 4328 1050 4392 nunquam
1079 4308 1253 4386 secetur,

55 4407 236 4490 uunquam
257 4408 441 4476 trauseat
462 4429 483 4472 a
503 4407 588 4474 loeo
610 4406 812 4485 inlocum,
835 4406 902 4494 qui
923 4405 1252 4496 sitsemperubi-

55 4511 132 4580 (lue,
152 4507 412 4577 contineatur
432 4530 643 4595 nusquam:
669 4511 780 4574 totus
803 4531 928 4588 mens,
956 4508 1024 4576 lux
1045 4514 1157 4578 totus
1184 4533 1254 4600 pa-

56 4593 172 4692 itrus,
206 4613 321 4684 totus
352 4609 509 4690 oculus,
546 4608 680 4702 pmnia
708 4596 868 4692 ridens,
905 4613 1033 4681 omnia
1069 4611 1253 4694 audieus,

1018 4715 1052 4772 ld
