2830 5052
675 294 878 410 *as*

166 501 261 590 parte
271 497 419 575 dueatur,
432 516 515 582 quae
525 493 663 562 rationis
672 497 720 562 sit
730 517 857 585 expers.
887 493 953 563 Sed
962 495 1177 564 resentiorum
1188 493 1359 572 Steioorum,

166 604 469 693 Peripateticorum,
486 593 738 687 Epicureorum,
764 603 972 683 veterumque
985 595 1199 683 Pbysiooram
1214 597 1266 664 alii
1279 597 1360 662 alium

165 706 262 774 finem
282 706 517 782 habuerunt1),
560 699 848 768 Vernmenimvero
867 702 964 768 Plato
985 702 1179 786 εὐδαιμονίαν
1201 699 1361 766 oeusuitin

166 831 204 876 eo
219 810 397 876 consistere
416 809 456 872 ut
468 805 550 872 bene
564 805 740 870 habeamus
755 797 972 883 Daemonem3
990 805 1026 870 et
1038 801 1238 868 Daemonem
1251 801 1361 888 quidem

152 911 294 978 'vocavit
307 909 517 999 principalem
531 907 670 974 hominis
691 911 826 998 partem.
869 905 1072 990 Εὐδαιμονίαν
1086 909 1207 984 autem,
1223 905 1287 972 sive
1300 903 1361 969 bea·

163 1013 338 1080 titudinem
353 1011 623 1102 perfectissimum
637 1031 711 1077 esse
721 1011 841 1077 bonum
851 1011 950 1094 atque
961 1007 1196 1096 plenissimum.
1224 1008 1361 1074 Nonnun-

164 1137 262 1202 quam
274 1115 372 1198 etiam
383 1137 454 1182 eam
465 1116 567 1181 vitam
578 1113 723 1202 appellat
735 1114 797 1181 sibi
812 1113 1067 1180 consentientem
1081 1113 1117 1175 et
1127 1109 1361 1184 convenientem,

163 1217 215 1284 vel
229 1218 274 1298 id,
289 1218 376 1308 quod
387 1239 427 1282 ex
437 1215 560 1282 virtute
573 1217 617 1282 sit
628 1215 898 1305 perfectissimum
910 1218 945 1282 et
956 1213 1100 1303 positum
1112 1211 1148 1278 in
1158 1211 1234 1278 boni
1245 1209 1362 1279 seientia

163 1323 263 1411 atquo
277 1320 311 1387 in
325 1343 375 1400 ea,
395 1342 478 1408 quae
492 1320 538 1385 sit
551 1341 624 1386 oum
640 1319 724 1398 Deo,
741 1318 966 1396 similitudine,
986 1317 1048 1382 hae
1060 1315 1191 1402 quidem
1210 1313 1361 1388 efficiente,

153 1425 203 1488 ut
216 1421 289 1508 quis
304 1421 412 1490 iustus
428 1423 474 1488 sit
487 1425 684 1510 sanetusque
698 1445 771 1489 oum
785 1421 967 1510 prudentia.
996 1418 1111 1485 Nonne
1120 1422 1198 1486 tero
1209 1440 1249 1484 ex
1258 1413 1361 1482 nostris

162 1525 308 1591 nonnulli
321 1526 370 1592 ita
383 1525 587 1611 intelligunt,
611 1525 777 1600 ,h'ominem
797 1525 844 1590 ad
870 1520 1081 1610 imaginem
1109 1521 1241 1608 quidem
1265 1517 1360 1586 statim

161 1650 235 1694 esse
247 1631 401 1708 ereetum,
415 1625 722 1694 similitudinem
733 1632 842 1695 autem
853 1629 892 1692 nt
901 1625 1131 1715 perfectionem
1142 1625 1258 1712 postea
1267 1641 1361 1706 aecep-

160 1733 293 1798 turum?
321 1731 398 1799 dam
417 1752 495 1796 vero
513 1729 610 1796 Plato
629 1730 712 1797 hano
733 1730 977 1796 similitudinem
999 1729 1070 1795 viro
1088 1727 1214 1794 virtute
1231 1722 1361 1814 praedito

87 1916 89 1926 ,
161 1855 245 1900 oum
259 1831 492 1899 humilitate
506 1853 579 1897 esse
589 1831 732 1899 futuram
744 1833 873 1910 doeens,
885 1831 965 1898 illud
975 1831 1116 1898 fortasse
1125 1829 1359 1918 interpretetur:

132 2006 136 2013 ,
158 1934 312 2016 „Omnis
328 1935 384 2022 qui
400 1933 545 2021 seipsum·
557 1932 716 2014 humiliat,
729 1919 961 2013 exaltabitur,“
983 1933 1182 2020 quodetiam
1193 1930 1297 1998 multa
1311 1926 1361 1992 aba

158 2035 194 2106 in
218 2037 310 2126 Lege
334 2036 491 2103 indicant.
533 2036 593 2103 Ille
616 2039 725 2103 autem
750 2037 821 2126 ipre
848 2036 909 2104 hoe
928 2036 1048 2122 dogma
1073 2039 1168 2101 vetus
1189 2056 1262 2101 esse
1286 2029 1360 2096 dicit.

151 2139 365 2229 ,Speusippus
386 2143 421 2206 et
440 2139 645 2206 Xenocrates
664 2140 820 2206 virtutem
841 2141 910 2206 sine
929 2138 1023 2204 bouis
1043 2138 1187 2226 eorporis
1207 2139 1303 2222 atque
1316 2154 1359 2197 ex·

158 2243 263 2309 ternis
282 2242 429 2308 sufficere
449 2241 492 2307 ad
511 2241 745 2310 beatitudinem
767 2245 965 2310 statuerunt.
1010 2239 1077 2334 Sed
1095 2241 1136 2305 de
1156 2239 1208 2305 bis
1228 2234 1359 2306 omnibus

149 2345 250 2410 alias.
294 2344 396 2411 Nobis
417 2349 526 2412 autem
552 2346 710 2412 adfinem
736 2347 805 2412 sine
821 2345 885 2411 fine
903 2343 1070 2433 pervenire
1090 2342 1292 2432 propositum
1310 2337 1359 2411 est,

157 2446 322 2524 mandata,
335 2447 358 2512 i.
373 2469 402 2512 e.
420 2447 539 2526 Deum,
557 2449 777 2538 sequentibus,
795 2449 970 2514 seeundum
985 2447 1096 2513 horum
1108 2467 1255 2510 normam
1264 2443 1359 2508 viven-

157 2548 246 2616 tibus
263 2549 332 2616 sine
341 2549 587 2638 reprehensione
598 2553 696 2640 atqm
709 2551 857 2628 scienter,
872 2549 1014 2616 divinam
1024 2547 1228 2614 voluntatem
1238 2563 1359 2631 eognos-

156 2651 316 2718 eentibus.
359 2649 480 2718 Noster
494 2653 579 2718 enim
592 2653 667 2718 finis
683 2657 735 2720 est
748 2653 858 2740 logo,
882 2651 989 2741 quoad
1007 2650 1077 2716 fieri
1101 2652 1224 2740 potest,
1246 2642 1358 2716 assimi-

155 2755 236 2820 latio
250 2755 333 2821 etin
348 2753 523 2842 perlectam
538 2755 743 2844 adoptionem
758 2779 815 2846 por
829 2755 949 2821 Filium
963 2753 1141 2832 restitutio,
1162 2775 1229 2842 qua
1242 2752 1358 2817 Patrem

156 2856 351 2924 honoramus
366 2857 469 2944 gloria
482 2879 542 2946 per
554 2848 708 2945 magndm
722 2857 924 2936 Pontificem,
940 2857 996 2946 qui
1009 2855 1127 2922 iratres
1142 2878 1203 2922 nos
1216 2852 1358 2924 etoohae-

154 2960 248 3028 redes
263 2959 425 3051 appellare
453 2959 567 3028 voluit.
612 2959 830 3046 Quamobrem
843 2959 1026 3050 Apostolus
1052 2958 1143 3027 brevi
1166 2957 1265 3026 finem
1288 2951 1358 3022 dixit

153 3062 256 3134 vitam
270 3066 447 3142 aeternam,
469 3085 566 3153 quam
581 3063 680 3130 etiam
695 3064 765 3154 spei
784 3062 1024 3130 restitutionem
1039 3064 1152 3144 rooat,
1173 3067 1212 3130 et
1229 3058 1358 3150 requiem

154 3165 248 3232 uobis
259 3166 471 3255 propositam.
516 3165 643 3232 Similia
662 3173 772 3233 autem
791 3167 909 3234 docent
922 3163 1075 3234 Eaeehiel
1093 3168 1128 3230 et
1146 3163 1279 3232 Jesaias
1297 3180 1357 3250 pro-

153 3265 287 3354 pbetae;
304 3257 411 3356 atque
435 3268 475 3334 de
495 3269 565 3357 spei
583 3268 791 3336 restitutione
811 3266 982 3357 Sapientia
991 3267 1153 3356 loquitur.
1181 3263 1356 3356 -quuibus

153 3367 310 3447 tontibus,
331 3393 415 3459 quae
427 3372 468 3437 de
482 3371 545 3438 fine
560 3393 580 3435 a
594 3369 792 3460 philosophis
807 3371 889 3438 bene
904 3373 983 3436 sunt
996 3369 1136 3448 deereto,
1156 3365 1355 3449 fiuxomnt²)·

220 3485 381 3567 Quoniam
393 3491 503 3553 autem
517 3487 668 3576 voluptas
681 3489 906 3576 cupiditasque
921 3489 1034 3555 eadere
1045 3487 1198 3555 videntur
1209 3487 1245 3551 in
1255 3477 1343 3550 matii

147 3589 305 3668 monium,
317 3587 357 3655 de
368 3589 428 3658 hoo
438 3611 565 3676 quoque
577 3590 810 3658 disserendum.
833 3591 897 3658 Est
905 3589 1253 3678 igiturmatrimoniur'n
1264 3585 1356 3676 prima

152 3691 213 3758 viri
226 3713 299 3757 oum
313 3692 446 3759 muliere
459 3691 606 3780 legitima
620 3693 803 3760 coniunctio
817 3694 858 3760 ad
872 3694 1090 3780 legitimorum
1104 3689 1276 3760 liberorum
1290 3708 1355 3777 pro·

151 3793 355 3858 ereptionem.
403 3793 472 3860 Nee
504 3817 580 3861 vero
605 3797 721 3882 cuique
740 3819 822 3864 uxor
846 3797 992 3864 ducenda
1017 3801 1085 3880 est,
1112 3817 1217 3887 neque
1242 3806 1355 3878 semper

101 3899 105 3910 '
150 3915 254 3980 neque
264 3895 352 3961 omni
366 3897 462 3962 modo
476 3900 670 3984 temereque,
685 3921 788 3986 neque
802 3901 1008 3968 necessitate.
1042 3899 1211 3967 Abraham
1225 3896 1353 3985 quidem,

151 4016 276 4092 sprores
302 4019 344 4064 ex
367 3999 478 4098 eadem
498 4003 601 4066 matre
620 4004 716 4067 natas
736 4025 802 4069 non
821 4025 895 4070 esse
914 4001 1077 4070 ducendas
1096 4024 1219 4069 uxores
1234 4000 1352 4068 doeens

143 4118 214 4166 ‘non
229 4123 339 4167 omnes
355 4103 427 4166 es‘se
442 4101 574 4169 cuilibet
587 4104 749 4171 ducendas
766 4105 910 4192 agnovit.
939 4105 1076 4174 Veteres
1091 4127 1168 4173 vero
1181 4093 1352 4193 philosophi

149 4220 262 4272 omnes
276 4203 342 4272 iere
357 4205 595 4274 matrimonium
608 4211 742 4298 propter
752 4209 918 4278 molestias
929 4199 1120 4298 respuentes
1132 4208 1184 4278 vel
1194 4202 1351 4297 pellicibus

201 4507 226 4576 ¹)
244 4509 343 4576 Singuli
355 4519 541 4572 enumerantur.

200 4595 227 4661 ¹)
244 4610 269 4662 P·
280 4595 427 4656 sen-sor.

1075 206 1080 214 ¹

1345 3515 1356 3530 ι

1391 3967 1393 3974 ι

1128 4473 1136 4484 ·
1403 4485 1404 4488 ν

1085 4595 1090 4606 ι
1121 4597 1124 4606 ι
1174 4599 1178 4608 s
1210 4597 1213 4604 ι
1249 4612 1255 4622 ⁴
1403 4589 1404 4618 l

1174 4643 1177 4648 ,
1403 4633 1404 4642 ν

1144 4779 1147 4786 ν
1227 4769 1232 4784 l
