2820 5052
634 325 884 444 ΔΘΑ...

174 517 283 584 dictur
303 511 498 604 cethegos,
519 513 559 582 ut
577 512 633 600 qui
657 513 784 584 occulta
808 510 979 592 illuminet,
999 529 1057 603 per
1076 509 1172 606 quim
1190 508 1224 578 in
1236 509 1364 579 lucemd

174 618 415 709 generationem
431 615 605 682 accerserit
618 637 830 708 unaquaeque
844 615 1009 684 creatura:
1038 615 1094 682 Ad
1110 637 1263 684 summam
1276 616 1363 682 actm
1397 609 1398 644 ³

175 720 349 810 decalogus
364 719 524 787 elemento
539 720 613 786 ἰῶτα
629 717 793 807 significat
805 739 921 786 nomen
934 715 1333 805 beatum,desum,1ogon.

242 821 402 906 Quintum
417 843 514 911 porro
527 824 736 910 pracceptum
752 821 899 910 sequitur
912 821 953 890 de
966 818 1086 888 honore
1100 820 1204 910 patris
1217 823 1251 888 et
1264 819 1364 886 matris.

177 925 396 1012 Pater'igitur
410 925 501 1002 deua,
517 925 644 990 creator
657 925 815 1004 omnium,
838 928 942 992 mater
956 926 1066 991 autem
1080 943 1184 1013 neque
1196 921 1366 1000 substantia,

178 1051 196 1096 e
211 1051 276 1115 qua
291 1049 403 1094 sumus
417 1026 531 1114 geniti,
546 1047 651 1112 neque
665 1027 811 1106 ecclesia,
825 1027 887 1094 aad
899 1027 1010 1096 divina
1024 1023 1166 1113 cognitio
1176 1028 1212 1092 et
1221 1023 1366 1113 sapientia,

173 1153 273 1218 quam
289 1128 441 1198 Salomon
461 1128 557 1195 vocat
575 1127 774 1196 iustorum
793 1132 966 1196 matrem.
1009 1127 1224 1216 Praeceptum
1242 1127 1280 1195 de
1297 1125 1398 1194 adul·

178 1232 260 1300 terio
279 1230 432 1320 deinceps
450 1231 492 1298 ad
511 1231 627 1298 falsam
646 1253 685 1299 ac
703 1255 820 1300 vanam
845 1231 977 1298 deorum
1002 1229 1246 1298 simulacrorum
1261 1227 1398 1336 religio

177 1355 374 1422 remquam
388 1332 493 1412 multi,
509 1354 585 1400 vera
599 1333 696 1402 dei
666 1336 731 1403 vrvi
752 1333 936 1423 cognitione
955 1331 1079 1411 relicta,
1097 1329 1235 1421 eligunt,
1254 1331 1398 1422 spectati

176 1437 270 1506 Haeo
283 1439 371 1504 certe
386 1439 438 1503 eet
452 1435 606 1526 Apostoli
621 1439 794 1517 sententia,
814 1437 893 1504 hacc
910 1435 1099 1525 prophetae,
1113 1434 1185 1522 qui·
1208 1432 1366 1502 Moecha·

37 1549 47 1566 ⁴
176 1544 244 1608 tus
259 1541 337 1618 eet,
357 1538 476 1626 inquit,
492 1538 625 1626 (lsrael)
645 1561 729 1608 oum
746 1541 856 1626 ligno
875 1541 916 1606 et
934 1537 1078 1627 lapide.
1121 1537 1252 1626 Ligno
1271 1534 1366 1603 dixit

175 1643 297 1712 Pater
309 1663 417 1708 maus
433 1663 474 1708 es
489 1645 548 1720 tu3
564 1645 605 1708 ct
618 1641 762 1732 lapidi:
784 1647 828 1710 tu
842 1665 898 1709 ma
912 1639 1109 1732 genuisti!
1124 1639 1329 1732 Praeceptum
1340 1637 1367 1703 de

176 1745 272 1837 caedo
286 1765 382 1832 porro
397 1765 575 1811 sermonem
590 1767 701 1813 verum
712 1747 752 1814 de
762 1745 823 1813 deo
833 1743 907 1812 vivo
917 1744 1050 1833 eiusque
1061 1744 1265 1832 providentia
1275 1738 1368 1810 auferri

176 1848 276 1914 vetat.
304 1847 520 1935 Praeceptum
535 1848 575 1914 de
589 1846 677 1914 iurto
691 1871 790 1936 quum
811 1847 853 1914 ad
873 1869 929 1915 cos
943 1847 1097 1938 pertinet,
1118 1847 1175 1934 qui
1191 1869 1294 1915 veram
1307 1841 1368 1910 ialeo

175 1949 347 2017 imitantur
360 1949 606 2040 philosophiam,
622 1953 693 2018 tum
717 1951 759 2017 ad
779 1971 846 2028 coe,
867 1949 923 2040 qui
939 1971 1011 2016 aeae
1025 1949 1239 2028 animantium
1252 1952 1286 2016 et
1297 1945 1368 2037 plan·

175 2055 282 2120 tarum
301 2051 427 2119 iaciunt
445 2054 623 2122 effectores.
666 2051 780 2140 Neque
799 2052 884 2120 onim
906 2050 962 2139 qui
990 2075 1099 2120 semen
1125 2052 1263 2142 spargit,
1283 2047 1367 2122 efflat

176 2156 234 2223 aed
248 2155 304 2246 qui
318 2155 553 2224 incrementum
567 2155 706 2244 largitur
714 2159 754 2222 et
767 2153 1008 2244 perfectionem.
1040 2153 1135 2238 Quae
1150 2156 1208 2242 qui
1223 2154 1314 2224 astris
1325 2149 1367 2217 tri·

176 2257 293 2337 buerit,
309 2257 338 2324 is
355 2257 451 2326 deum
465 2258 585 2348 privat,
600 2259 823 2326 universorum
837 2259 964 2346 patrem
980 2257 1148 2324 indelessa
1163 2279 1225 2326 aua
1237 2251 1368 2346 potentia

175 2360 281 2427 Astra
295 2362 404 2428 autem
420 2364 455 2428 et
469 2383 678 2448 quaecunque
692 2364 886 2451 potestates,
902 2359 1059 2452 quidquid
1072 2359 1209 2440 faciunt,
1224 2360 1258 2426 id
1270 2354 1368 2424 iaciunt

174 2461 227 2528 dci
241 2462 349 2530 verbo.
386 2462 557 2532 Decimum
571 2463 709 2552 denique
723 2466 932 2556 praecaptum
946 2463 987 2531 de
1001 2462 1150 2531 omnibus
1165 2465 1221 2532 eet
1234 2458 1367 2552 cupidita

175 2563 315 2642 abusa).

241 2665 308 2734 Sed
328 2663 446 2734 Gracci
465 2667 648 2758 philosophi
667 2667 774 2746 deum,
799 2690 895 2756 quem
920 2667 1099 2746 nominant,
1121 2643 1278 2758 quoniam
1296 2665 1368 2732 deun

175 2789 379 2858 nequequam
394 2771 507 2838 colunt
519 2768 558 2838 ut
573 2771 680 2850 deum,
694 2792 889 2860 cognoscere
904 2770 1145 2841 concidentur.
1173 2771 1231 2841 Dc
1245 2771 1301 2838 deo
1313 2783 1369 2835 rere

175 2871 255 2940 nihil
269 2873 379 2961 potius
394 2873 550 2954 dicentes,
567 2897 644 2941 suas
660 2875 846 2960 affectiones
861 2873 922 2941 deo
942 2873 1120 2941 attributas
1135 2875 1308 2964 exponunt.
1342 2863 1369 2932 li

175 2975 263 3066 quod
281 2975 458 3065 probabile,
478 2999 543 3046 non
562 2976 597 3042 id
617 2977 834 3062 quadrarum
853 2982 916 3056 est,
938 2979 1110 3064 quaerunt.
1151 2977 1258 3065 Atqui
1275 2995 1331 3044 non
1342 2989 1369 3035 ex

175 3078 358 3146 imitatione
373 3079 508 3146 docetur
522 3080 654 3158 veritae,
671 3080 729 3147 aed
743 3103 784 3147 ex
798 3079 979 3169 disciplina.
1023 3078 1136 3170 Neque
1156 3081 1243 3148 enim
1261 3083 1298 3148 nt
1313 3069 1369 3144 boni

175 3183 396 3260 videamur,
412 3182 446 3248 in
455 3179 624 3249 Christum
639 3183 809 3262 credimus,
825 3181 1093 3270 quemadmodum
1108 3182 1269 3270 nequead
1283 3177 1369 3250 solen,

176 3283 263 3351 utin
278 3283 345 3351 sole
360 3279 489 3352 lantum
509 3307 581 3351 osea
581 3277 817 3364 videamur,
839 3285 1037 3354 accedimus.
1061 3284 1119 3352 aed
1136 3285 1189 3354 hic
1204 3283 1333 3377 quidem,
1344 3275 1371 3342 ui

176 3385 386 3484 calescamua,
401 3386 467 3453 illio
482 3389 601 3464 autem,
617 3385 700 3452 ut
669 3410 730 3456 vrru
720 3387 820 3456 boni
835 3393 870 3455 et
883 3359 1012 3454 honesti
1025 3387 1151 3456 fiamus.
1174 3387 1242 3458 Sed
1255 3385 1370 3478 primm

175 3488 318 3555 omnium
334 3491 386 3554 eat
400 3492 489 3556 recta
503 3511 550 3555 rer
540 3489 739 3580 perceptio.
775 3489 872 3574 Quod
886 3491 960 3582 quis
974 3491 1104 3559 omnino
1118 3513 1183 3559 non
1198 3487 1335 3582 percipit,
1347 3477 1373 3548 ll

175 3590 283 3680 ipsum
302 3611 343 3656 ne
364 3588 528 3656 desiderat
549 3591 689 3677 quidem,
709 3615 813 3685 neque
833 3593 908 3660 inde
927 3594 1168 3682 provenientem
1189 3587 1371 3683 amplectitur

175 3693 361 3760 utilitatem.
384 3692 591 3766 Postremum
607 3698 716 3762 autem
730 3701 794 3780 eat,
809 3699 849 3763 ut
863 3695 1031 3784 gnosticae
1045 3698 1193 3766 imitetur
1207 3689 1370 3762 Dominum

176 3797 282 3882 quoad
296 3794 373 3860 licet
386 3793 581 3876 hominibus,
596 3795 769 3866 Dominica
784 3799 922 3890 quadam
941 3799 1088 3867 imbutus
1109 3800 1276 3890 qualitate,
1290 3791 1327 3860 ad
1338 3786 1370 3856 si·
1397 3829 1398 3834 ι

176 3896 390 3964 militudinem
405 3919 478 3964 cum
492 3900 553 3966 dec
567 3900 804 3988 acquirendam.
849 3900 916 3984 Qui
937 3903 1046 3968 autom
1063 3902 1218 3990 ignorant
1235 3893 1398 3988 cogniiit

175 4023 260 4080 nem,
281 4001 314 4066 hi
333 4023 438 4090 neque
459 4006 548 4069 certa
568 4008 708 4092 possunt
731 4026 789 4092 reg
769 4003 845 4071 aula
869 4003 977 4070 metiri
1000 4004 1181 4072 veritatem
1222 4003 1290 4071 Iam
1312 4011 1398 4082 reroq

176 4093 324 4168 veritatis
338 4125 415 4192 pars
431 4105 587 4226 quaedam
604 4106 740 4196 singulis
756 4111 808 4174 cst
827 4101 1043 4196 philosophis3
1068 4107 1125 4174 sed
1144 4130 1209 4175 non
1228 4109 1293 4173 tam
1311 4089 1398 4202 par-l

176 4206 239 4302 tea,
255 4225 352 4324 quam
366 4207 438 4272 tota
458 4207 580 4276 veritas
600 4208 785 4297 indaganda
804 4213 866 4276 eat.
910 4209 964 4276 De
983 4209 1044 4276 deo
1063 4215 1172 4278 autem
1191 4232 1255 4278 non
1273 4169 1398 4296 dicitur

175 4328 228 4374 res
244 4327 319 4384 una,
332 4307 398 4376 imo
412 4309 670 4378 innumerabiles.
714 4311 827 4379 Refert
841 4312 981 4404 quidem,
1001 4315 1112 4380 utrum
1126 4313 1221 4382 deum
1236 4309 1326 4382 dicae,
1338 4318 1370 4367 ²1¹
1397 4263 1398 4378 i

176 4431 258 4497 quae
274 4403 352 4478 aunt
365 4413 405 4480 de
420 4411 489 4480 deo.
533 4396 616 4481 Nam
632 4413 768 4482 omnino
781 4415 816 4482 in
830 4436 1022 4504 unaquaque
1043 4439 1079 4483 re
1099 4409 1320 4504 distinguenda
1331 4399 1371 4471 eat

177 4539 379 4569 :nunaunt—um*

234 4609 400 4700 ¹)p.aot-
404 4633 463 4690 817.
526 4679 531 4693 ,
