2830 5052
618 1229 668 1306 lll.
701 1229 743 1304 lle
759 1231 935 1305 stromata

722 1391 815 1407 n*

340 1604 426 1690 Quo
442 1609 622 1694 tempore
642 1605 850 1678 Stromata
870 1603 954 1672 sint
973 1602 1208 1694 composita.

231 1719 1370 1829 StromataaClemeritepostCohortationemetPaedagogumscripta

166 1863 239 1908 eece
255 1863 354 1932 supra
368 1849 404 1906 et
424 1841 567 1908 diximus
588 1845 623 1908 et
643 1842 995 1929 demonstravimus&
1023 1841 1136 1910 Etiam
1155 1841 1195 1906 de
1218 1836 1371 1906 artissima

166 1943 281 2009 horum
306 1942 405 2009 trium
430 1966 563 2032 operum
583 1945 809 2012 coniunctione
819 1945 999 2012 dissertum
1014 1948 1076 2012 eat.
1121 1943 1371 2034 Quamquamex
1413 1999 1414 2038 ἒ

164 2046 226 2114 hac
241 2046 466 2114 coniunctione
479 2045 559 2112 nihil
574 2047 662 2114 aliud
673 2047 780 2132 colligi
797 2069 894 2136 posse
913 2047 1056 2124 videtur,
1078 2045 1142 2112 nisi
1160 2045 1245 2112 illud
1264 2045 1370 2132 iprum,

162 2149 334 2216 Stromata
348 2169 395 2236 po
404 2153 442 2214 st
456 2147 696 2237 Protrepticum
708 2153 743 2215 et
753 2147 985 2236 Paedagogum
995 2147 1084 2238 edita
1095 2169 1177 2214 esse.
1211 2147 1309 2232 Quod
1319 2163 1371 2230 quo

163 2241 980 2340 certolaotumsittemporesshocminimeapparet.
1005 2247 1372 2340 Namquchourrius2)
1413 2315 1414 2348 p

163 2353 258 2418 dicit:
289 2353 384 2432 „Has
399 2354 508 2418 autem
524 2359 611 2437 (oum
626 2351 867 2420 Admonitionie
889 2357 957 2420 tum
976 2351 1163 2440 Paedagogi
1183 2351 1371 2420 commenta-
1413 2363 1414 2378 ¹

164 2456 287 2541 tiones)
307 2453 372 2520 illis
391 2453 597 2527 Stromatum
611 2454 702 2520 libris
723 2476 798 2522 non
819 2455 939 2542 longo
960 2453 1165 2522 admodum
1186 2447 1371 2542 temporit

163 2555 382 2622 intervallo
397 2557 622 2624 anteivieee
636 2556 721 2625 haud
731 2555 832 2645 plane
847 2557 984 2635 infirmo,
1000 2560 1038 2624 ut
1039 2581 1049 2620 1
1023 2555 1157 2624 tnobis
1173 2557 1314 2633 videtur,
1328 2573 1371 2617 ar-

163 2660 320 2746 gumento
347 2679 395 2724 ex
426 2663 563 2726 mutua
591 2658 751 2724 illorum
778 2660 886 2745 inter
912 2682 952 2730 ac
976 2657 1223 2727 connexione
1243 2655 1372 2726 deducto

136 2760 278 2838 ,confici
293 2781 390 2849 poene
404 2783 594 2850 persuasum
610 2731 944 2840 omninohabemus,‘³
965 2761 999 2828 id
1013 2761 1123 2828 nescio
1137 2783 1180 2826 an
1195 2760 1294 2828 citius
1308 2775 1413 2845 ρει
1412 2731 1413 2812 l

163 2885 297 2930 auarum
312 2863 441 2930 habeat.
476 2864 559 2930 Nam
574 2867 687 2930 nostra
702 2842 831 2951 quidem
842 2867 951 2930 aetate
964 2863 1052 2930 haud
1066 2885 1139 2939 raro
1153 2863 1202 2943 fit,
1218 2849 1259 2931 ut
1275 2849 1413 3010 ploret)

73 2993 76 3000 ¹
128 3041 134 3054 Ι
163 2966 355 3033 eiusdem
352 2966 462 3054 operis
478 2968 601 3084 partes·
604 2989 675 3034 sese
690 2989 755 3034 non
768 2967 978 3056 excipiant
946 2989 1009 3034 mor
999 2966 1106 3032 'eatis
1118 2966 1216 3054 longo
1225 2939 1413 3052 tempora

163 3067 344 3135 intervallo.
389 3067 478 3150 Quid
493 3068 577 3144 enim
592 3069 626 3134 in
641 3069 817 3158 propositis
832 3069 955 3158 optimo
975 3069 1091 3155 cuique
1110 3069 1180 3136 viro
1201 3083 1374 3154 exaequen-

163 3170 214 3237 dis
239 3169 349 3237 valeat
373 3193 507 3248 munus,
536 3171 681 3253 animus,
712 3172 887 3239 amicorum
907 3169 1107 3250 adhortatio,
1134 3169 1208 3258 ipsa
1229 3169 1319 3237 valet
1304 3163 1374 3233 tudo

163 3293 279 3358 resque
294 3271 451 3360 plurimae
466 3273 558 3352 aliae,
574 3273 616 3339 ad
630 3273 864 3342 observandum
879 3295 944 3340 non
958 3273 1008 3338 ita
1022 3273 1066 3340 sit
1082 3271 1222 3340 difficile.
1262 3265 1375 3346 sedda

162 3374 268 3462 primo
283 3375 403 3441 Strom.
415 3374 508 3453 libro,
524 3375 652 3462 quando
666 3377 833 3442 nondum
845 3375 1001 3464 scriptum
1014 3374 1068 3452 sit,
1084 3373 1240 3442 indicium
1250 3373 1334 3442 latet
1345 3369 1376 3434 in

162 3477 235 3564 ipso
255 3475 342 3541 haud
361 3476 573 3564 ambiguum
604 3478 670 3544 Ubi
696 3477 775 3544 haec
794 3477 996 3564 legunturr,
1000 3499 1030 3554 a
1050 3475 1257 3564 Vespasmno
1279 3492 1376 3564 usque

34 3641 39 3648 ,
163 3578 212 3644 ed
234 3575 435 3644 Commodr
455 3583 618 3646 mortem
639 3578 847 3646 rnvenruntur
866 3601 943 3646 anm
932 3575 1106 3646 CXXI
1112 3582 1155 3674 ³).
1199 3573 1375 3646 Commodo

162 3679 265 3768 igitur
290 3680 484 3797 imperatore
509 3679 561 3746 hic
586 3681 713 3770 quidem
734 3679 816 3746 liber
834 3681 975 3748 nondum
996 3684 1049 3748 est
1067 3679 1187 3748 editus.
1233 3679 1301 3749 Oui
1321 3674 1377 3746 eub

163 3781 259 3848 finem
273 3781 350 3848 anni
370 3783 428 3846 192
449 3781 619 3850 interiecto
640 3805 739 3870 quum
759 3806 817 3872 per
833 3787 901 3852 tres
924 3805 1052 3853 menses
1072 3781 1230 3867 Pertinax
1251 3779 1412 3850 succee-

164 3884 273 3961 sisset,
248 3881 466 3950 tSeverus
456 3883 626 3968 rmperium
651 3885 803 3952 obtinuit.
845 3885 951 3976 Atqui
977 3886 1083 3953 tribus
1109 3885 1174 3952 illis
1193 3881 1377 3950 Pertinacia

163 3985 328 4052 mensibus
343 3985 424 4072 ipsis
441 3983 608 4052 Strumata
622 3986 723 4054 fuisse
741 3987 937 4077 composita,
956 4009 1021 4054 non
1041 3991 1109 4054 tam
1123 3987 1175 4054 eit
1193 3983 1377 4054 verisimile.

163 4087 352 4172 Quinetiam
363 4087 406 4152 ad
416 4086 596 4155 Pertinacis
607 4086 903 4187 mortemClemens
913 4092 1095 4179 temporum
1104 4091 1378 4160 enumerationem

165 4261 361 4272 ——1———n—-n-

219 4373 243 4436 ¹)
262 4373 294 4424 cf.
307 4387 373 4439 quac
384 4375 415 4424 do
426 4374 529 4442 ,scriptis
547 4391 563 4428 a
580 4377 780 4431 elementarem
796 4377 928 4444 protectio,
949 4382 976 4429 ct
995 4391 1061 4446 quac
1080 4377 1111 4437 dc
1131 4375 1286 4442 Protreptici
1304 4379 1379 4443 atquc

162 4459 310 4523 Paedagogi
322 4466 434 4522 tempore
446 4457 639 4527 disputavimus.

215 4543 242 4608 ³)
259 4544 276 4598 l.
287 4543 337 4607 tv·
349 4544 411 4601 887.

216 4628 243 4695 ³)
259 4642 284 4693 r·
296 4629 357 4684 40³·
