2830 5052
747 321 809 386 128

675 409 876 422 fi-—m

169 516 296 583 mantes
311 510 411 578 etiam
424 510 561 579 rationis
576 509 738 598 expertes,
753 507 964 596 Pythagoras
974 504 1016 572 ab
1029 505 1104 596 ipsa
1118 503 1277 594 accepisse
1288 499 1363 570 ride·

168 619 233 684 tur.
275 613 326 678 At
344 634 437 690 vero,
463 611 540 678 dum
561 611 634 678 Lex
651 614 765 678 nostra
790 633 832 678 no
849 609 1029 678 bestiarum
1049 607 1179 694 quidem
1198 607 1282 674 fetus
1300 607 1363 672 ante

167 719 254 788 diem
275 715 448 803 septimum
468 737 488 780 a
508 713 682 792 matribus,
706 712 767 780 hae
783 735 825 780 ne
843 712 940 780 nimis
959 711 1110 799 lugeant,
1138 708 1279 798 separari
1302 729 1363 796 pro·

168 821 269 898 hibet,
293 817 422 894 Graeci,
443 817 499 906 qui
519 816 642 904 Legem
660 817 879 894 insectantur,
902 814 1049 906 proprios
1070 816 1236 904 exponunt
1254 811 1365 878 liberos.

169 923 242 990 Lex
257 923 365 988 autem
379 918 452 984 ideo
466 939 569 1008 usqrre
580 919 727 986 a'dbruta
738 917 916 984 animantia
926 917 1074 984 extendit
1087 915 1327 1004 benignitatem,
1336 915 1366 978 ut

170 1047 270 1116 quum
283 1023 367 1088 hanc
380 1021 415 1086 in
430 1043 478 1098 ea,
494 1043 577 1110 quae
598 1025 676 1088 sunt
690 1019 857 1088 dissimilia
872 1020 1000 1108 generis
1015 1017 1262 1096 exercuerimus,
1277 1015 1364 1083 abuu-

169 1126 282 1196 dantia
296 1123 508 1190 humanitatis
522 1125 654 1190 utamur
666 1123 702 1188 in
715 1144 785 1204 ecs,
801 1124 857 1213 qui
871 1125 949 1190 sunt
963 1121 1106 1188 eiusdem
1122 1121 1260 1208 generis.
1293 1117 1366 1202 Quin

170 1230 270 1298 etiam
284 1225 381 1294 tanta
392 1225 478 1312 Logi
492 1224 663 1294 elementia
677 1229 744 1304 est,
770 1227 810 1292 nt
834 1226 933 1292 etiam
952 1224 1048 1300 mites
1069 1225 1110 1290 de
1129 1221 1297 1290 arboribus
1315 1241 1366 1286 non

171 1329 390 1406 excindendis,
403 1327 443 1394 de
458 1329 556 1418 spicis
571 1332 648 1396 ante
662 1349 800 1396 messem
813 1349 878 1396 non
892 1326 1075 1407 tondendis,
1091 1326 1131 1394 de
1145 1325 1281 1416 aliisque
1295 1323 1365 1391 eius·

171 1435 268 1512 modi,
284 1433 373 1520 leges
389 1431 524 1498 dederit.

236 1536 301 1605 Sed
316 1519 416 1625 quum
431 1533 540 1600 omnia
554 1533 639 1600 bona
653 1531 800 1626 donaque
815 1555 835 1600 a
848 1533 909 1600 deo
925 1528 1183 1622 suppeditentur,
1199 1551 1259 1624 nos
1274 1530 1364 1596 autem

171 1637 311 1707 ministri
326 1636 454 1704 divinae
468 1636 594 1722 gratiae
610 1635 711 1702 simus
725 1635 820 1715 fanti,
840 1637 892 1704 dei
906 1634 1124 1704 henifioiorum
1145 1636 1319 1701 sementem
1330 1631 1366 1696 le·

171 1743 294 1814 ciamus
310 1741 449 1828 oportet,
465 1735 628 1827 proximos
643 1737 814 1805 reddamus
826 1739 979 1807 honestos
995 1741 1093 1828 atque
1107 1737 1222 1816 bonos,
1237 1739 1367 1826 utquam

170 1843 309 1910 maxime
323 1846 509 1930 temperans
524 1840 738 1924 continentes,
755 1841 850 1910 fortis
864 1863 1054 1930 generosos,
1074 1839 1293 1966 intelligentes
1306 1859 1366 1928 pru·

157 1947 262 2023 dens,
276 1945 384 2012 iustus
399 1944 505 2013 iustos
519 1941 715 2032 perficiat1)

235 2047 433 2113 Huiusmodi
457 2048 568 2114 autem
593 2043 680 2110 est'
670 2067 717 2122 rs,
749 2065 845 2134 quem
869 2044 1080 2122 Gnostioum,
1111 2043 1181 2112 i.e.
1203 2041 1367 2132 cognitione

171 2151 345 2218 excelsiore
360 2147 499 2240 quadam
513 2145 696 2237 praeditum
710 2169 878 2228 vocamus,
905 2147 961 2239 qui
976 2171 1075 2238 quum
1091 2147 1135 2214 sit
1154 2147 1198 2212 ad
1213 2135 1366 2234 imaginem

171 2254 223 2322 dei
238 2256 337 2343 atque
348 2253 389 2318 ad
405 2249 658 2329 similitudinem,
678 2249 784 2329 deum,
806 2251 912 2342 quoad
926 2251 996 2318 eius
1010 2249 1081 2316 fieri
1095 2251 1218 2339 potest,
1238 2249 1367 2316 imitatur

119 2383 123 2392 ·
171 2356 350 2434 continens,
362 2354 538 2432 sustinens,
553 2352 640 2420 iuste
650 2352 773 2432 vivens,
787 2355 949 2442 imperans
961 2352 1059 2420 animi
1069 2351 1366 2439 'perturbationibus

172 2458 410 2524 communicans
423 2477 543 2534 eorum,
559 2477 642 2544 quae
655 2453 764 2534 habet,
779 2455 969 2544 proviribus
981 2453 1185 2522 benefaciens
1196 2457 1231 2521 et
1242 2453 1332 2522 verbo
1343 2449 1368 2514 et

171 2582 275 2649 opere.
319 2559 366 2624 Et
394 2557 549 2624 beneficia
575 2557 707 2647 quidem
728 2557 920 2624 conferenda
940 2559 1019 2624 sunt
1038 2560 1079 2624 ut
1097 2557 1188 2647 prius
1215 2578 1312 2674 accep
1310 2559 1367 2622 tna

173 2663 242 2728 deo.
284 2660 368 2726 Nam
384 2659 541 2750 quidquid
554 2659 594 2725 fit
609 2659 757 2750 superbe,
777 2661 924 2750 quamvis
945 2663 1089 2726 ceterum
1108 2660 1210 2740 iuste,
1233 2658 1367 2726 deinum

123 2787 127 2794 ’
171 2767 336 2854 provocat.
311 2761 406 2829 tA
418 2755 567 2851 superbia
587 2763 799 2832 auertendum
818 2765 871 2830 est
890 2765 988 2852 atque
1011 2759 1053 2829 ab
1072 2761 1223 2830 omnibns
1243 2761 1340 2838 uitiis,
1355 2777 1368 2821 e

172 2864 390 2956 discrepantia
408 2865 673 2932 transeundum
662 2890 697 2932 ιιι
716 2865 913 2932 harmoniam
933 2865 984 2932 his
999 2865 1121 2933 tribus.
1150 2888 1234 2950 ore,
1256 2861 1367 2938 corde,

171 2991 296 3038 mann
340 2967 443 3056 Signa
458 2968 543 3034 enim
563 2969 699 3036 actionis
719 2991 845 3047 manus,
860 2991 915 3038 oor
934 2967 1076 3046 consilii,
1096 2991 1199 3060 osque
1220 2964 1367 3038 sermonis.

171 3071 268 3142 De
240 3095 287 3138 ars
302 3073 423 3150 autem,
438 3093 519 3161 quos
531 3071 686 3160 poenitet,
696 3071 837 3160 pulchre
853 3071 1088 3162 scriptumest:
1111 3066 1244 3150 „Deum
1259 3062 1368 3157 elegisti

119 3231 124 3242 .
172 3173 277 3262 hodie,
292 3177 332 3240 ut
345 3176 435 3241 esset
448 3174 528 3239 deus
544 3176 638 3240 tuus:
653 3177 688 3241 et
702 3173 864 3242 Dominus
879 3174 978 3262 elegit
992 3177 1026 3242 te
963 3118 1145 3254 thodie,
1161 3179 1200 3242 ut
1214 3197 1301 3242 esses
1314 3170 1368 3236 eius

172 3257 321 3365 populus.
365 3275 485 3358 Q„uod
505 3277 546 3343 de
559 3277 678 3366 populo
698 3275 837 3356 dictum,
867 3277 956 3345 valet
973 3278 1008 3343 id
1028 3299 1155 3369 quoque
1178 3278 1221 3344 ad
1243 3272 1368 3363 singulos

173 3377 329 3456 homines,
342 3401 423 3466 quos
435 3400 607 3459 conversos
622 3379 702 3446 deus
715 3401 791 3446 suos
802 3377 1075 3450 tacitiamiliares
1105 3379 1267 3448 Nobilitas
1278 3380 1369 3444 auten

173 3481 329 3569 cuiusque
344 3479 378 3544 in
393 3502 431 3546 eo
446 3481 608 3559 consistit,
623 3483 662 3548 ut
675 3480 906 3548 honestissima
919 3481 1022 3550 electa
1036 3485 1194 3550 exerceat.
1227 3475 1369 3568 Eligenda

172 3605 248 3652 vero
265 3582 334 3650 sola
346 3581 514 3671 sapientia,
530 3605 628 3672 quam
639 3582 694 3672 qui
704 3581 812 3662 habet,
827 3585 974 3674 possidet
983 3585 1100 3665 omnia,
1115 3588 1155 3652 ut
1167 3587 1202 3651 in
1218 3575 1368 3672 scripturis

171 3689 238 3753 est:
262 3683 447 3767 „Quoniam
471 3683 551 3752 deus
582 3684 645 3750 mei
669 3684 822 3752 misertus
847 3690 914 3766 est,
938 3693 1017 3756 snut
1034 3689 1112 3756 mihi
1137 3689 1276 3756 omnia.“
1314 3679 1368 3756 uit,

171 3809 249 3876 crgo
268 3788 361 3875 regni
389 3786 518 3865 haeres,
545 3785 625 3853 civis
652 3787 819 3868 coelestis,
850 3789 998 3881 quisquis
1025 3792 1209 3860 invenietur
1228 3788 1367 3856 honestus

173 3892 241 3958 aive
255 3891 351 3960 exeis
363 3889 473 3968 luerit,
486 3889 541 3979 qui
555 3889 590 3956 in
604 3889 695 3978 Lege
705 3889 847 3972 fuerunt,
866 3893 934 3960 sive
946 3895 1001 3984 qui
1012 3897 1088 3962 ante
1099 3894 1234 3982 Legem,
1250 3903 1367 3983 quorum

172 3995 317 4066 actiones
334 3995 412 4060 sunt
425 4014 484 4082 pro
499 3992 636 4080 legibus.
681 3995 747 4062 Sed
762 3995 861 4062 etiam
872 4019 931 4064 rex
944 3997 1017 4063 erit.

188 4095 366 4181 Quodsi
386 4095 482 4162 Plato
501 4094 721 4167 beatitudinis
737 4097 834 4167 finem
856 4097 908 4164 dei
932 4121 1005 4166 esse
1030 4095 1270 4166 similitudinem
1289 4088 1367 4161 dixit,

174 4201 243 4272 sive
258 4219 331 4267 oum
346 4197 448 4286 Legis
462 4198 610 4266 doctrina
624 4199 707 4268 forte
719 4203 856 4268 naturae
869 4201 1163 4292 bonitatequadam
1176 4201 1291 4268 ductos
1303 4213 1366 4261 oon·

174 4303 329 4382 sentiens,
351 4301 419 4370 sive
439 4301 557 4370 divinis
579 4303 773 4392 quibusdam
793 4303 926 4372 edoctus
944 4303 1093 4374 oraculis.
1136 4305 1209 4374 Irex
1227 4301 1308 4372 enim
1325 4288 1366 4360 (10¹

173 4493 375 4509 Ἣ

195 4665 206 4674 .
230 4615 255 4684 ι)
273 4629 297 4683 ιι.
309 4612 454 4676 aue-480.
