2972 5048
564 367 568 376 .
683 315 727 387 53

121 499 180 568 selis
190 455 354 568 terendam
369 503 499 590 largior.
543 503 626 572 Volo
641 504 737 584 enim,
760 506 834 574 volo
850 505 935 572 hanc
949 489 1041 572 vebis
1056 503 1224 592 impertire
1238 526 1314 594 gra·

119 603 336 691 templanum
351 605 542 672 beneficium
560 605 722 685 tribuens,
744 608 959 698 corruptionis
984 607 1176 676 libertatem.
1220 600 1344 690 Atque*

115 703 297 772 etiamvobis
313 707 498 793 gratificor,
521 709 572 776 dei
587 711 820 797 cognitionem,
841 711 1067 799 memetipsum
1086 708 1251 796 gratificor
1264 707 1315 773 in·
1334 795 1337 802 Χ

116 809 229 892 tagram.
272 809 354 877 Hoc
376 833 447 876 oum
463 833 540 896 ego,
566 811 626 878 boe
647 811 718 878 vult
733 813 828 890 deus,
864 813 926 880 hoc
947 811 1138 900 symphonia
1157 813 1225 889 est,
1254 811 1334 878 hoo*

117 907 202 976 Patris
215 909 396 1002 harmonia,
412 911 473 978 hoc
486 911 583 992 filius,
598 915 659 982 hoe
674 912 839 993 Christus,
862 915 922 982 hoc
936 915 1033 1000 Λόγος
1055 914 1121 991 dci,
1148 912 1314 980 brachium

114 1008 220 1087 donini,
234 1033 348 1080 rerum
364 1007 506 1081 omnium
527 1019 688 1102 potestas,
703 1017 854 1086 voluntas
870 1009 990 1088 Patris.
1021 1015 1167 1098 Quarum
1184 1013 1314 1102 quidem

109 1133 196 1178 rerum
210 1112 285 1178 olim
299 1113 474 1203 imagines,
489 1139 549 1184 nec
569 1139 644 1184 vero
659 1141 769 1187 omues
786 1119 1015 1206 adaequantes.
1061 1115 1233 1204 Corrigere
1254 1139 1313 1182 vos

107 1213 142 1278 ad
154 1215 363 1305 archetypum
378 1217 462 1296 volo,
477 1221 517 1286 ut
530 1219 610 1286 mihi
623 1219 722 1288 etiam
740 1221 860 1288 similes
876 1219 1068 1296 efficiamini.
1111 1220 1244 1306 Uagam
1254 1241 1313 1288 vos
1400 1273 1403 1284 .

107 1303 169 1382 ddei
178 1322 356 1406 unguento,
372 1342 435 1405 quo
446 1323 684 1410 corruptionem
699 1323 855 1402 abiicitis3
870 1323 1054 1413 nddamque
1067 1321 1214 1388 iustitiae
1227 1321 1312 1408 figu-

107 1437 172 1497 ran,
192 1443 255 1506 qua
267 1423 312 1488 ad
328 1423 426 1491 deum
441 1423 635 1502 ascendetis,
651 1425 829 1494 ostendam.
872 1425 1019 1493 Venite
1033 1425 1080 1490 ad
1094 1446 1151 1490 me
1165 1446 1310 1501 omnes,

109 1519 161 1601 qui
179 1521 349 1612 fatigati
371 1525 471 1590 estis
494 1529 535 1594 et
556 1527 729 1606 onerati3
752 1531 792 1594 et
813 1549 884 1614 ego
906 1529 1178 1598 reficiamvos.
1222 1525 1312 1591 Tol·
1370 1565 1376 1576 ·

108 1617 167 1688 lite
178 1623 309 1712 iugum
325 1649 452 1696 meum
467 1621 586 1716 super
602 1651 690 1708 vos,
711 1633 751 1697 et
772 1631 918 1698 discite
940 1655 960 1697 a
981 1653 1054 1707 me,
1073 1612 1179 1714 qued
1200 1627 1311 1694 mitis
1440 1651 1441 1708 j

108 1720 166 1788 sim
188 1729 223 1792 et
246 1727 417 1796 humilis
440 1729 571 1798 eorde:
593 1733 632 1796 et
658 1731 877 1800 invenietis
902 1733 1077 1824 requiem
1106 1729 1310 1796 animabus

107 1828 242 1896 vestris.
270 1831 425 1920 «Iugum
443 1832 677 1900 enimmcum
692 1834 815 1902 facile
827 1839 976 1903 etonus
992 1829 1221 1902 meum'leve
1236 1832 1310 1899 es't.
1421 1873 1427 1880 -

110 1923 303 2021 Festinamus,
317 1956 497 2011 curramus,
509 1933 587 2000 odei
599 1937 751 2014 amantia,
766 1937 827 2004 deo
839 1959 912 2004 vere
924 1935 1142 2022 similiaLogi,
1153 1934 1309 2024 homines,
1440 1951 1441 1964 ²

116 2025 267 2104 sinnbera!
296 2036 519 2115 Festinamus,
535 2059 713 2118 curramus,
732 2039 925 2106 tollamus
939 2040 1073 2125 iugum
1088 2039 1189 2115 eius,
1206 2035 1313 2104 susei-

108 2127 210 2212 piacrus
222 2135 401 2233 honestum
414 2137 455 2204 ad
466 2137 744 2206 immortalitatem
758 2141 922 2226 aurigam
939 2139 1108 2209 Christum
1125 2136 1309 2224 diligamus,

107 2230 151 2312 qui
162 2236 278 2321 pulum
294 2263 370 2306 eum
385 2241 496 2306 vetulo
511 2239 573 2306 sub
587 2240 672 2306 idem
689 2241 784 2308 duxit
797 2243 910 2330 iugum
918 2268 927 2320 3
943 2243 1118 2328 iunctaque
1132 2241 1197 2304 iam
1206 2239 1308 2318 homi-

105 2350 167 2400 uum
178 2335 260 2428 biga,
276 2343 324 2412 ad
337 2342 580 2437 imortalitatem
596 2342 711 2429 dirigit
730 2365 877 2422 currum,
909 2345 1068 2412 festinans
1088 2341 1221 2431 implere
1240 2339 1308 2406 evi-
1411 2353 1418 2366 '

105 2429 208 2520 deuter,
229 2445 322 2535 quod
336 2445 411 2510 olim
428 2445 610 2528 aenigmate
630 2445 664 2510 in
684 2445 869 2516 Jerusalem
893 2447 1065 2524 indicavit,
1092 2467 1179 2512 nunc
1198 2447 1309 2510 autem

102 2530 235 2610 incoebs
251 2545 400 2636 appellit.
428 2547 782 2616 PulcherrimumPatri
795 2541 1024 2638 spectaculum,
1040 2552 1191 2614 aeternus
1202 2545 1307 2613 Filius

103 2635 449 2738 nebdamreportanst
465 2647 687 2716 Honestorum
699 2651 874 2718 ambitione
886 2657 1063 2730 teneamur,
1077 2647 1308 2716 hominesiaeti

101 2735 142 2804 dei
154 2753 315 2829 amantes,
341 2751 572 2842 maximasque,
603 2776 685 2843 quae
699 2754 779 2819 nihil
793 2755 974 2841 patiuntur,
994 2777 1046 2819 res
1062 2773 1306 2837 consequamur,

101 2835 356 2922 demetriam.
397 2853 541 2920 Adiutor
561 2852 688 2940 Logos3
711 2857 745 2920 in
766 2855 826 2922 hoc
839 2855 958 2923 fiducia
976 2855 1103 2922 nostra!
1133 2853 1222 2919 Neve
1246 2874 1306 2918 nos

100 2960 223 3031 Unquam
238 2958 371 3022 tantum
382 2957 509 3042 argenti
524 2957 674 3048 aurique,
705 2980 796 3057 neve
812 2958 933 3044 gloriae
960 2957 1085 3023 subeat.
1101 2954 1305 3032 desiderium,
1372 3022 1377 3028 ,

102 3054 240 3128 quantum
252 3057 360 3144 ipsius
372 3058 520 3124 veritatis
533 3057 626 3143 Logi.
658 3057 902 3148 Nequamquam
918 3059 1002 3124 enim
1017 3056 1147 3123 decerit
1160 3059 1303 3142 gratum,

104 3145 122 3207 si
132 3171 186 3219 nos
202 3178 242 3224 ea
257 3159 399 3250 quidem,
416 3183 498 3246 quac
513 3159 645 3224 maximi
661 3165 739 3226 sunt
753 3161 860 3250 pretii,
881 3161 1004 3227 minimi
1025 3158 1178 3236 facimus‘3
1195 3180 1305 3222 amen·
1440 3183 1441 3220 ;

102 3243 282 3340 ljaeautem,
311 3261 529 3348 ignorantiae,
554 3261 729 3340 socordiae,
752 3263 958 3350 apertissima
980 3255 1220 3330 simulacrorum
1236 3259 1304 3325 oul-

99 3347 141 3416 tus
165 3362 284 3446 probra
306 3366 547 3454 extremamque
572 3364 773 3452 impietatem
796 3365 900 3454 pluris
930 3366 1149 3431 aestimamus.
1192 3363 1305 3452 Neque

99 3453 169 3522 enim
184 3461 295 3554 inepte
308 3465 570 3555 philosophorum
590 3467 658 3546 filii,
682 3490 890 3560 quaecunque
909 3471 1011 3556 agant
1031 3469 1195 3556 amentes,
1208 3539 1211 3544 ,
1224 3465 1304 3531 baec

98 3570 142 3620 eos
163 3565 283 3634 nefarie
307 3571 341 3634 ct
360 3567 458 3656 impie
473 3591 586 3656 gerere
607 3570 806 3635 existimant.
852 3569 941 3653 Quin
962 3569 1060 3659 etiam
1086 3567 1305 3656 ignorantiam

97 3649 228 3736 insaniae
243 3671 382 3758 speeiem
397 3671 628 3737 adumbrantes
644 3671 724 3738 nihil
737 3672 835 3750 aliud,
857 3673 920 3738 nisi
941 3673 1058 3758 vulgus
1074 3671 1232 3746 insanire,
1253 3667 1302 3734 fa-

97 3754 206 3832 lenitu-
237 3771 533 3840 *Verumenimvero
548 3773 675 3861 Logos:
698 3773 798 3851 Nihil,
814 3774 930 3860 inquit,
947 3773 1176 3852 dubitandum,
1192 3774 1303 3836 utrum
1357 3831 1359 3840 χ
1440 3823 1441 3830 1

99 3876 184 3933 sanae
198 3875 315 3942 mentis
331 3898 413 3952 esse,
434 3898 476 3940 an
496 3875 637 3943 insanire
657 3876 772 3942 melius
795 3877 848 3942 sit.
897 3875 1060 3942 Tenentes
1087 3878 1196 3940 autem
1219 3897 1302 3940 mor·
1440 3901 1441 3946 1

99 3957 362 4048 &converterem
378 3999 538 4067 sanaeque
553 3977 671 4044 mentis
688 3981 853 4066 compotes
868 3977 948 4043 totis
964 3977 1059 4042 deum
1074 3975 1198 4042 viribus
1211 3977 1303 4063 sequi

98 4081 298 4163 comportet,
314 4082 495 4170 omniaque,
511 4082 550 4146 ut
564 4103 638 4146 vere
654 4083 741 4160 sunt,
757 4081 827 4146 eius
843 4101 914 4146 esse
929 4082 1054 4167 putare.
1084 4078 1258 4143 Praeterea
1269 4081 1303 4144 et

100 4181 317 4282 nosmetipsos,
344 4205 443 4272 quum
464 4183 706 4270 possessionum
721 4182 863 4249 omnium
882 4204 942 4247 nos
963 4203 1035 4250 esse
1053 4179 1313 4269 pulcherrimam.

101 4265 305 4360 drdieerimus,
329 4284 390 4352 deo
410 4285 654 4362 concredemus,
684 4285 848 4352 dominum
868 4283 1040 4370 diligentes
1062 4281 1173 4362 deum,
1203 4284 1302 4372 idque
1380 4341 1382 4349 s
1440 4353 1441 4368 q

103 4381 232 4452 nostrum
240 4404 311 4452 esse
320 4409 378 4474 per
390 4389 494 4452 totam
505 4386 606 4452 vitam
617 4386 691 4452 rati.
710 4386 835 4470 Quodsi
846 4385 1027 4452 communia
1039 4389 1116 4451 sunt
1127 4386 1301 4452 amicorum

103 4481 203 4565 ⁰¹11nia,
214 4488 428 4556 bomeautem
440 4488 491 4554 dei
502 4490 690 4568 amicus3—
701 4489 823 4554 amicus
839 4488 957 4577 quippe
968 4485 1062 4574 Lego
1070 4487 1300 4564 intercedente,

105 4605 138 4624 ··
150 4602 219 4676 ergo
233 4591 316 4660 fiunt
330 4591 437 4658 omnia
449 4591 586 4658 hominis
603 4613 746 4682 quoque,
776 4589 926 4682 quoniam
942 4591 1049 4660 omnia
1064 4590 1132 4668 dei3
1155 4593 1190 4658 et
1211 4611 1300 4656 com-
