2820 5052
705 323 768 392 1'58

134 507 278 604 sedacio
293 527 408 594 expers
423 527 495 572 esse
508 508 626 586 metus,
636 511 677 576 nt
689 511 733 577 ad
747 513 781 578 te
795 510 918 601 possim
931 493 1203 602 appropinquare,
1218 512 1256 576 et
1267 529 1357 599 pau·

132 613 179 680 cis
194 611 293 678 etiam
307 610 491 685 contentus,
507 610 598 676 tuam
611 610 743 679 imitans
757 614 880 680 iustam
894 612 1093 691 electionem,
1112 633 1196 700 quae
1211 612 1321 678 bonos
1337 635 1359 680 a

133 714 292 784 similibus
306 709 471 785 discernit,
490 701 556 778 bon
570 712 699 801 quidem
714 714 813 796 bona,
832 715 962 784 reiectis
980 715 1092 795 malis,
1121 714 1263 802 eligens,
1296 714 1359 780 sed

133 817 262 886 omissis
277 808 382 890 bonis,
397 811 538 880 meliora.
575 814 623 880 Et
639 817 685 884 sic
699 819 829 908 quidem
842 817 912 896 fieri
926 821 1047 907 potest,
1061 821 1102 884 ut
1114 815 1166 884 vir
1179 815 1359 903 gnosticas

132 915 457 988 iamdeusevaserit.
500 914 585 1001 Ego
612 917 712 986 dixi:
745 921 802 986 dii
828 919 929 987 estis
961 924 1002 986 et
1032 917 1115 986 lilii
1142 917 1358 986 altissimi.

134 1022 200 1091 Sed
214 1023 267 1086 est
285 1017 404 1105 duplex
417 1017 556 1086 bominis
571 1019 736 1107 perfectio,
751 1022 855 1088 altera
867 1026 1019 1101 naturae,
1039 1017 1132 1088 liberi
1149 1020 1281 1088 arbitrii
1307 1023 1360 1104 (et

133 1124 274 1212 gratiae)
290 1120 401 1187 altera.
444 1119 492 1185 Et
505 1119 593 1208 prior
608 1123 736 1211 quidem
754 1128 810 1191 est
827 1125 862 1190 in
884 1125 998 1215 quovis
1011 1123 1141 1190 bomine
1156 1123 1357 1202 uthomine,

132 1226 267 1294 alteram
282 1222 411 1310 assequi
426 1221 524 1288 debet
538 1223 689 1292 virtute·
712 1225 843 1310 Quodsi
856 1229 994 1294 vetitum
1005 1225 1142 1315 elegerit
1154 1227 1298 1317 ideoque
1314 1226 1359 1292 ad

132 1329 267 1398 alteram
292 1323 521 1414 perfectionem
546 1324 675 1394 beatam
699 1351 763 1396 non
783 1330 946 1418 pervenit:
978 1329 1075 1396 buius
1099 1329 1147 1394 rei
1163 1329 1261 1417 culpe
1286 1347 1359 1395 non

123 1431 221 1499 cadit
234 1430 268 1494 in
288 1428 400 1504 deum,
429 1427 488 1492 sed
508 1427 543 1494 in
561 1427 669 1522 ipsum
691 1432 875 1520 eligentem.
917 1431 1054 1500 Mor-alia
1075 1431 1185 1498 antem
1208 1431 1358 1499 bominis

131 1529 287 1624 perfectio
306 1569 338 1580 «-
358 1553 433 1596 nam
448 1530 527 1596 haec
544 1535 596 1598 est
611 1533 730 1613 altera,
749 1575 793 1586 -
814 1535 958 1602 diserta
979 1534 1031 1600 dei
1050 1533 1265 1622 perfectione,
1297 1535 1357 1626 qui

66 1655 73 1668 '
132 1635 260 1704 omnino
273 1634 472 1722 nequitpati‚
488 1637 695 1723 nequeatiam
710 1638 774 1704 erit
787 1637 838 1704 rel
848 1641 1008 1716 metuens,
1022 1637 1074 1704 vel
1082 1643 1280 1726 temperans,
1302 1638 1357 1704 vel

130 1739 206 1832 ullis
222 1735 520 1825 perturbationibus
534 1736 707 1826 imperans,
723 1763 859 1832 quarum
868 1741 963 1807 'nulle
976 1737 1127 1807 modone
1141 1742 1180 1806 ut
1188 1739 1356 1806 tentatio-

130 1862 208 1906 num
224 1839 354 1926 quidem
367 1839 531 1926 particeps
546 1861 618 1906 esse
630 1844 750 1929 potest.
781 1841 875 1908 Deus
892 1865 958 1910 non
968 1840 1127 1908 liberatur
1138 1865 1160 1908 a
1173 1842 1357 1930 perturba-

130 1941 286 2019 tionibus,
307 1947 347 2009 ut
361 1941 416 2030 qai
430 1942 535 2009 nullas
550 1940 682 2020 habeat3
704 1965 764 2010 nos
783 1967 860 2012 vero
879 1948 919 2012 ut
932 1927 1119 2023 liberemur,
1149 1942 1355 2012 enitendum.

131 2043 318 2124 Patibilites
330 2047 382 2112 est
396 2049 505 2112 autem
526 2043 560 2110 in
581 2045 694 2133 quovis
716 2067 832 2132 genere
856 2047 1109 2136 perturbationis
1132 2046 1204 2114 sive
1221 2047 1356 2136 cupidi·

132 2147 224 2225 tatis,
248 2170 313 2236 qna
327 2147 560 2236 quodammodo
575 2147 769 2215 distrahitur
782 2147 887 2216 homo.
914 2167 916 2174 ’
932 2150 1058 2232 Quodsi
1073 2147 1219 2238 patiendi
1228 2153 1356 2216 natura

131 2249 236 2336 magis
251 2249 421 2338 magisque
438 2249 585 2329 solvitur,
600 2251 680 2317 deus
694 2251 734 2316 tit
752 2253 786 2318 et
801 2252 934 2318 unicus:
968 2251 1250 2334 Quemadmodum
1271 2273 1355 2338 ergo

131 2353 236 2442 quiin
250 2353 332 2418 mari
353 2353 394 2420 ab
414 2375 531 2420 ancora
551 2352 777 2432 stabiliuntur,
799 2353 934 2419 trahunt
954 2353 1083 2443 quidem
1103 2375 1267 2432 ancoram,
1289 2375 1355 2422 neo

129 2477 206 2522 vero
221 2454 325 2543 ipsam
341 2455 521 2533 attrahunt,
538 2455 596 2521 sed
611 2455 734 2544 seipsos
750 2453 971 2522 adanooram:
986 2456 1035 2522 ita
1049 2455 1105 2546 qni
1117 2457 1186 2522 vita
1197 2453 1354 2542 gnostica

130 2556 227 2625 deum
241 2555 586 2646 attrahunt,.quamvis
596 2579 661 2623 non
672 2555 855 2637 advertant,
870 2558 995 2647 seipsos
1010 2559 1160 2626 addeum
1169 2557 1353 2625 adducunt.

64 2729 66 2736 ,
131 2657 199 2744 Qui
212 2659 299 2729 euim
313 2659 408 2730 deum
422 2659 510 2737 colit,
526 2658 770 2748 seipsumeolit.

195 2759 273 2828 Jam
293 2783 370 2828 vero
389 2761 469 2830 illud
488 2761 524 2830 in
542 2765 655 2829 nostra
675 2762 925 2850 estpotestate:
948 2759 1183 2852 philosophari,
1203 2759 1265 2826 aut
1284 2781 1354 2828 non

15 2897 18 2900 ·
131 2862 351 2953 philosophari
358 2889 368 2944 ;
401 2864 540 2943 eredere,
566 2867 714 2932 autnon
739 2864 878 2940 credere,
920 2865 1080 2932 Attamen
1110 2863 1250 2930 alterurn
1274 2863 1352 2930 laus

132 2967 289 3052 sequitur,
304 2968 442 3035 alterum
457 2966 663 3057 vituperatio.
696 2967 923 3034 Remittentur
937 2971 1046 3034 autem
1061 2991 1081 3034 a
1095 2959 1248 3043 Domino,
1266 2987 1352 3052 quae

129 3068 218 3136 facta
234 3075 312 3138 sunt
326 3075 401 3138 ante
416 3069 522 3148 fidem,
537 3093 603 3136 non
617 3073 656 3136 ut
669 3069 757 3136 facta
771 3091 836 3138 non
851 3069 928 3148 sint,
944 3071 1001 3136 sed
1016 3073 1056 3138 nt
1069 3069 1137 3136 sint
1154 3072 1350 3154 tanquam

130 3195 196 3240 non
209 3173 307 3244 fecta.
351 3172 556 3261 Quamquam
571 3173 732 3242 Basilides
748 3173 818 3242 sola
832 3173 956 3240 remitti
978 3171 1059 3238 dicit
1069 3170 1296 3239 involuntaria
1317 3175 1352 3238 ot

14 3283 19 3298 ‘
130 3274 305 3342 inscienter
329 3275 426 3356 iacta,
452 3276 585 3364 perinde
610 3275 704 3364 quasi
727 3277 823 3342 homo
849 3274 982 3363 aliquis,
1008 3293 1074 3342 non
1099 3273 1190 3352 deus,
1217 3276 1351 3342 tantum

131 3377 302 3466 praeberet
316 3379 454 3448 donuml
474 3376 778 3466 Exsiqtimesti‚
801 3375 849 3442 ait
864 3375 1045 3463 Scriptura,
1059 3397 1079 3442 o
1092 3375 1227 3464 impie,
1244 3376 1352 3465 quod

131 3501 197 3546 ero
218 3481 280 3546 tui
302 3482 463 3550 similis!
486 3481 597 3548 Poena
611 3484 720 3550 autem
740 3479 834 3546 iuvat
851 3481 1069 3566 peccatorem,
1090 3482 1129 3546 ut
1148 3500 1215 3546 uon
1234 3481 1352 3566 peccet

131 3583 280 3670 amplius.
304 3585 370 3651 Sed
385 3585 490 3652 bonus
506 3583 586 3650 deus
601 3583 744 3669 castigat
757 3583 890 3668 propter
904 3579 962 3648 has
976 3584 1044 3648 tres
1056 3602 1187 3648 causas:
1206 3581 1349 3670 primum

132 3685 273 3775 quidem,
297 3687 336 3754 rit
361 3687 544 3772 castigatus
571 3685 678 3770 seipso
703 3681 816 3748 melior
837 3683 973 3761 ,evadam
995 3683 1127 3762 deinde,
1153 3686 1192 3752 ut
1217 3683 1266 3762 ei,
1292 3684 1350 3773 qui

131 3792 273 3876 possunt
290 3789 360 3855 fieri
381 3787 473 3865 salvi,
493 3785 649 3874 exemplis
668 3788 901 3874 praeparentur
920 3783 1093 3864 admoniti3
1116 3785 1225 3864 tertio,
1246 3809 1289 3864 ne
1307 3787 1348 3852 is.

132 3889 189 3980 qui
202 3889 320 3958 iniuria
334 3891 484 3966 afficitur,
497 3887 696 3976 contemptui
707 3885 865 3954 habeatur
875 3890 1037 3978 aptusque
1048 3887 1090 3972 ad
1100 3887 1251 3957 iniurium
1262 3889 1347 3954 acci·

132 3993 293 4082 piendam.
336 3993 428 4060 Medi
440 3993 552 4058 autem
566 3990 774 4060 comestionis
793 3993 874 4058 suat
891 3989 971 4058 duo:
994 3991 1130 4058 docendi
1149 3989 1245 4068 alter,
1263 3989 1348 4058 alter

133 4095 327 4182 castigandi.
359 4093 431 4176 Qui
445 4097 521 4184 post
534 4093 698 4166 lavacrum
711 4093 746 4160 in
759 4095 895 4181 peecata
907 4093 1066 4172 incidunt,
1082 4093 1116 4158 hi
1129 4093 1347 4179 castigantur.

62 4227 65 4234 ⁴
134 4193 228 4286 Quae
243 4200 339 4265 antea
352 4195 440 4264 lacta
456 4199 543 4275 sunt,
558 4196 779 4262 remittuntur.
822 4193 908 4274 lium
928 4197 1053 4273 autem,
1073 4195 1131 4285 qui
1149 4195 1246 4262 deum
1264 4195 1346 4262 invi·

135 4298 261 4367 sibilem
281 4297 532 4390 contempletur,
558 4298 666 4386 ipsum
689 4299 788 4366 deum
805 4297 967 4387 quendum
987 4319 1059 4365 esse
1077 4297 1241 4366 viventem
1260 4296 1347 4366 inter

134 4400 289 4478 homines,
304 4400 400 4470 Plato
414 4423 542 4492 quoque
557 4399 698 4488 agnovit.
732 4399 830 4482 Quod
843 4403 953 4467 autem
967 4400 1088 4466 attinet
1101 4399 1144 4466 ad
1157 4399 1255 4466 deum
1268 4421 1345 4467 oon-

70 4551 77 4566 .
134 4503 372 4594 templandum‚
394 4504 604 4592 dempster,
629 4502 745 4591 utqui
769 4504 891 4594 (quoad
916 4502 1103 4586 essentiam)
1128 4499 1345 4569 demonstrari

133 4611 285 4699 nequeat,
301 4606 377 4677 sciri
389 4629 455 4676 non
468 4607 588 4696 potest.
629 4603 734 4672 Filius
749 4608 859 4674 autem
872 4606 925 4674 est
938 4608 973 4672 et
987 4604 1199 4696 sapientiaet
1209 4603 1346 4682 scientia
