2830 5052
596 299 789 368 Iti·

56 482 413 566 remiibiloditeorom,
432 507 518 573 quae
535 490 627 560 aunt,
672 484 794 554 Gnosis
813 487 899 566 enim
919 488 1018 554 etiem
1037 509 1093 556 ecs
1110 463 1234 577 diligis,

56 587 95 672 qni
109 587 265 673 ignorant3
292 589 388 658 docet
412 592 448 656 et
466 589 575 656 erudit
593 611 720 656 omnem
738 587 894 656 honorare
919 591 971 657 dei
1000 593 1233 682 omnipotentie

55 691 210 762 recturam.
253 691 420 760 Virtutem
433 694 544 760 autem
564 690 662 780 parit,
685 713 768 777 quae
783 691 872 758 nullo
883 696 1101 781 potestmodo
1114 687 1232 776 amitti,

55 813 95 856 nec
109 792 278 878 vigilando,
302 817 364 864 neo
383 796 583 874 somniando,
612 813 671 861 neo
688 793 757 860 ulla
772 793 905 861 visione.
948 797 1237 885 Proptereacerte

54 892 183 964 Dominus
192 897 360 986 praecipit,
374 901 415 964 ut
428 899 610 986 vigilemus,
625 900 666 963 ut
678 896 785 962 anima
798 899 911 964 uestra
925 919 966 965 ne
979 899 1014 965 in
1026 902 1146 968 somnis
1162 903 1238 989 qui-

58 995 103 1063 den
114 1019 250 1084 unquam
263 1000 487 1088 perturbatum
509 1002 611 1068 vitam
630 998 728 1066 etiam
748 1003 938 1066 nocturnam
949 1025 1065 1090 puram
1078 1025 1137 1071 nos
1151 1005 1235 1072 tueri

57 1097 117 1166 iubet
129 1104 162 1168 et
175 1100 245 1170 sine
257 1103 400 1172 macula.
439 1103 496 1170 Sic
508 1103 594 1170 enim
613 1101 829 1189 noemetipsos
849 1125 908 1190 pro
928 1103 1051 1172 viribus
1071 1107 1132 1173 deo
1151 1109 1238 1174 cest·¹

54 1201 216 1283 ciebimus,
229 1204 259 1272 si
270 1208 415 1274 mentem
427 1207 536 1273 insua
554 1206 664 1273 eadem
689 1206 731 1271 ad
748 1205 878 1272 easdem
890 1209 949 1292 {res
970 1208 1139 1276 affectione
1157 1233 1240 1278 eon-v

53 1305 149 1372 stanter
162 1307 408 1387 servaverimus,
423 1311 464 1376 ut
475 1307 594 1376 mentis
613 1311 649 1374 et
662 1331 795 1396 eperum
809 1311 844 1373 et
857 1308 1092 1394 cogitationum
1111 1316 1145 1378 et
1166 1337 1240 1380 ser-·

52 1427 152 1478 monum
173 1411 218 1478 sit
234 1411 416 1478 sinceritas.
459 1411 526 1480 Est
543 1413 652 1478 autem
669 1409 848 1487 suiiioieus,
876 1415 916 1476 ut
939 1413 1087 1499 equidem
1108 1415 1241 1502 opinor,¹

50 1505 141 1580 homiui
153 1513 323 1602 purgatio:
345 1514 488 1603 perfecta
503 1535 541 1580 ac
555 1512 681 1580 stabilis
696 1512 906 1600 poenitentia,
930 1535 993 1601 qua
1008 1519 1150 1602 postea
1171 1519 1233 1583 in-

50 1609 261 1700 telligentes
281 1619 423 1682 mentem
438 1616 581 1684 tollimus
601 1617 669 1681 tam
684 1613 725 1680 ab
739 1614 803 1692 eis,
830 1637 913 1702 quae
933 1617 1082 1683 sensibus
1096 1639 1156 1685 nos
1177 1620 1242 1686 de-'

50 1710 153 1795 bolant,
168 1741 268 1806 quam
282 1718 443 1807 prioribus
458 1718 596 1786 delictis.
626 1717 752 1800 Quodsi
765 1715 854 1786 vocis
867 1721 1035 1808 ἐπιστήμης
1047 1721 1233 1810 (scientiae)

50 1812 188 1888 lmdaest
207 1821 422 1910 etymologia,
444 1823 501 1888 ἀπὸ
522 1827 577 1906 τῆς
599 1824 737 1892 στάσεως
758 1827 812 1902 (ex
833 1821 989 1901 statione,
1018 1823 1040 1887 i.
1061 1845 1089 1892 e.
1111 1825 1231 1910 quiete)

51 1923 193 2007 uortenda
207 1927 265 1992 eet
275 1923 458 2015 explicatio,
470 1923 621 2010 quoniam
631 1925 772 1990 mentem
785 1925 941 2002 nostram,
954 1945 1036 2010 quae
1046 1927 1142 1991 anteo
1154 1926 1234 1993 alias

55 2017 116 2088 riter
137 2025 318 2108 ferebatur,
345 2027 381 2094 in
399 2026 497 2093 rebus
527 2025 655 2092 sistit.
699 2023 857 2091 Similiter
879 2028 1012 2100 πίστεως
1037 2029 1244 2116 etymologia-

52 2121 180 2226 ledum
194 2130 323 2198 animae
336 2132 468 2196 nostrae
482 2131 551 2215 περὶ
565 2129 598 2193 τὸ
614 2127 646 2194 ὃν
662 2129 773 2192 στάσιν.
816 2127 890 2192 Hac
910 2126 1018 2217 quiete
1031 2129 1145 2213 ¹iustus
1166 2133 1241 2196 stet

48 2221 267 2300 iuomnibuset
285 2232 437 2322 periculis
452 2235 487 2298 et
500 2227 789 2318 persecutionibus,
809 2227 889 2294 nibil
903 2229 1132 2309 extimescens,
1152 2231 1245 2298 nibil·

48 2331 173 2414 llfflfflflt‘
194 2357 392 2422 quamquam
417 2356 509 2422 spes,
539 2355 622 2418 qnae
639 2331 732 2398 bona
754 2334 986 2419 postmortem
1007 2336 1192 2422 exspectat,
1213 2356 1259 2406 a·

45 2427 215 2526 philosophis
228 2459 357 2525 quoque
367 2436 491 2524 agnito,
506 2457 573 2502 non
585 2437 638 2502 est
647 2433 868 2522 improbanda.
898 2434 966 2502 Neo
975 2459 1051 2502 vero
1064 2439 1239 2523 gnosticos·

45 2551 158 2621 mquam
173 2539 370 2617 considerat,
389 2537 557 2606 lncrumue
570 2537 702 2623 aliquod
715 2537 795 2604 utile
810 2541 1026 2624 consequatur
1042 2539 1232 2606 delectatio-

44 2653 141 2723 nemve,
158 2643 217 2709 sed
231 2641 370 2710 caritate
383 2643 509 2708 tractus
524 2641 559 2706 in
573 2663 657 2718 eum,
677 2640 734 2726 qui
748 2661 823 2708 vere
836 2643 890 2706 est
902 2642 1061 2719 amabilis,
1083 2645 1118 2707 et
1131 2643 1173 2706 ad
1186 2643 1231 2723 id,

43 2741 106 2821 qood
117 2743 184 2812 fieri
198 2745 331 2833 oportet
345 2741 522 2822 adductus,
544 2743 618 2830 pius
639 2747 691 2808 eet
711 2742 763 2808 dei
782 2742 897 2812 cultor.
941 2743 1031 2810 Nihil
1048 2743 1151 2830 igitur
1170 2769 1231 2810 un-

42 2859 114 2926 quam
127 2845 298 2914 inhoneste
313 2847 441 2934 ageret,
462 2845 608 2932 quamvis
631 2843 699 2910 sine
718 2866 822 2931 poena
841 2845 910 2911 fieri
930 2847 1060 2932 posset,
1076 2847 1245 2938 quamvis,
1364 2839 1367 2856 '

40 2942 115 3014 eliam
134 2972 209 3018 cum
224 2948 378 3038 praemio,
396 2947 543 3034 quamvis
557 2947 653 3012 deum
667 2945 829 3030 lateret1).

86 3066 155 3148 Sed,
170 3072 213 3136 ut
220 3067 284 3134 hoc
293 3068 412 3133 iterum
424 3066 539 3144 dicam,
555 3087 607 3131 res
618 3055 746 3130 creatae
756 3085 815 3150 per
826 3085 860 3129 se
871 3067 935 3130 n'on
948 3067 1026 3130 sunt
1035 3063 1147 3142 malae,
1159 3041 1245 3150 qui·¹

40 3159 83 3232 bus
95 3175 262 3255 gnosticos
281 3169 387 3236 utitur
402 3191 475 3235 cum
496 3166 726 3256 temperantia3
748 3163 863 3231 melius
883 3170 936 3233 est
953 3169 1078 3245 autem,
1100 3170 1139 3233 ut
1159 3163 1248 3253 quia]

39 3285 80 3350 per
91 3271 138 3338 dei
151 3272 418 3352 assimilationem
433 3269 553 3337 evadat
567 3267 757 3358 impatibilis
771 3271 807 3333 et
820 3268 941 3334 virtute
956 3269 1134 3357 praeditus.
1165 3267 1232 3350 Qui
1244 3267 1247 3275 '

38 3386 235 3462 temptemus
246 3395 267 3440 a
277 3374 373 3441 rebus
385 3373 502 3439 creatis
512 3371 676 3438 abstinere
684 3371 809 3450 volunt,
821 3370 1080 3439 hinondumideo
1091 3371 1231 3460 amplec-

38 3467 131 3542 tuntur
139 3476 335 3544 immortalia
341 3499 350 3554 ;
363 3499 442 3542 nam
451 3474 623 3542 declinatio
634 3497 653 3540 a
664 3473 771 3553 rebus,
788 3497 870 3561 quae
889 3477 949 3543 sub
967 3499 1082 3542 sensus
1098 3475 1229 3553 cadunt,
1352 3479 1357 3489 ’

37 3566 243 3666 bsequium
259 3577 355 3646 simul
365 3582 417 3644 est
427 3577 609 3644 coniunctio
622 3598 696 3643 cum
707 3577 765 3655 eis,
781 3601 864 3664 quae
873 3581 981 3644 mente
992 3577 1215 3666 percipiuntur
1220 3575 1251 3659 3?

36 3675 62 3738 tl
75 3686 197 3761 centra,
217 3679 399 3749 coniunctio
413 3680 548 3748 cumbis
560 3678 673 3745 statim
689 3679 728 3744 fit
743 3679 913 3757 declinatio
935 3679 977 3746 ab
998 3679 1081 3756 illis3
1109 3677 1237 3755 sedita,¹

36 3777 64 3839 ot
80 3777 169 3850 homo
191 3785 360 3871 gnosticus
383 3783 561 3849 admiretur
582 3781 709 3868 quidem
732 3782 971 3868 generationem
991 3785 1026 3848 et
1052 3783 1249 3864 creatorem.

35 3885 205 3966 sanctificet,
220 3909 286 3953 una
299 3890 409 3953 tamen
425 3882 606 3952 sanctificet
620 3905 701 3962 eam,
717 3905 799 3966 quae
813 3883 853 3949 lit
866 3885 936 3964 deo,
952 3883 1227 3952 assimilationem.
1248 3898 1251 3908 '

36 3974 87 4047 Sed
99 3994 219 4073 egome
229 3988 382 4068 liberabo,
397 3986 531 4074 inquiet,
547 3985 767 4074 acupiditatc,
785 3986 965 4065 oDomine‚
982 3990 1021 4052 ut
1031 3985 1108 4051 mihi
1120 3988 1228 4052 tecum
1246 4029 1249 4041 ·

34 4075 197 4157 intercedat
215 4091 413 4170 coniunctim
441 4085 575 4177 pulchra
595 4087 680 4154 enim
703 4092 772 4166 eet,
802 4109 884 4174 quae
903 4089 1016 4178 utique
1036 4089 1144 4153 creata
1164 4089 1227 4168 est,
1247 4108 1251 4116 ·

33 4179 225 4278 dispensatio,
246 4193 353 4260 omnia
366 4194 456 4260 recte
474 4189 757 4268 administrantur,
782 4191 862 4256 nihil
880 4191 920 4257 fit
946 4191 1015 4257 sine
1035 4210 1157 4254 causa·
1187 4189 1227 4255 In

33 4283 87 4354 tuis
99 4313 149 4360 me
162 4315 234 4364 esse
247 4297 387 4386 oportet,
402 4292 629 4383 Omnipotens,
644 4297 681 4360 et
690 4293 769 4361 licet
779 4292 832 4359 hic
845 4291 972 4373 luerim,
987 4313 1059 4360 eum
1073 4289 1160 4380 apud
1174 4293 1231 4370 ter
1328 4324 1339 4372 ,-

34 4471 215 4499 *¹³*-

75 4591 96 4663 ¹)
112 4613 135 4668 n
145 4600 291 4662 oro-mo.

1105 4636 1107 4644 ,
1236 4595 1253 4638 'l
