2820 5052
576 349 584 408 ἴ
626 337 688 402 loe

68 517 204 604 reliqum
219 519 368 589 veritatis
383 524 504 590 norunt
519 523 708 609 οἰκονομίαν,
729 522 793 588 nisi
807 521 1007 590 haecomnia
1027 523 1068 591 ab
1087 523 1161 612 ipsa
1181 523 1264 593 didi·
1333 591 1338 620 Ι

67 619 312 692 cerintrsritate.
346 623 412 690 Dei
427 627 536 690 autem
550 625 701 697 notitiam
716 626 802 694 inter
816 627 930 712 gentes
945 625 1123 714 prophetoe
1138 647 1266 714 quoque

65 721 201 803 indicant,
217 725 310 795 velut
323 725 503 794 Malachiae
525 729 636 815 aperte
656 727 783 794 inducit
795 727 972 794 Dominum
988 727 1162 794 dicentem:
1194 727 1266 793 Se-

66 825 249 896 crificium
267 851 346 896 non
368 829 562 918 accipiam
590 853 637 896 ex
665 829 1044 910 manibus‘vestris,
1081 829 1291 916 qnoniam„

66 927 193 996 obortu
220 931 323 1000 solis
348 953 476 1022 usque
504 934 551 999 ad
581 954 763 999 occasum
786 955 929 998 xnornen
958 956 1080 1000 meum
1106 933 1266 1020 gloriii-
1382 921 1389 1033 ἰ

68 1036 254 1101 cetumest
273 1034 306 1106 in
326 1035 470 1122 gentibus
490 1037 530 1100 et
549 1035 589 1100 in
608 1033 708 1101 omni
722 1033 807 1100 loco
827 1034 921 1102 mihi
942 1034 1115 1102 offertur
1141 1035 1265 1102 sacri-

67 1131 192 1206 licium.
237 1135 288 1205 Et
312 1135 410 1202 alies:
454 1135 946 1223 Quoniamrexmagnus
978 1160 1049 1225 ego
1080 1161 1179 1216 sum,
1208 1138 1269 1226 ait

65 1231 240 1306 Dominus
272 1239 522 1326 omnipotens
558 1240 605 1323 et,
631 1261 769 1306 nomen
800 1263 925 1306 meum
960 1239 1110 1306 clarum
1145 1243 1209 1306 est
1235 1241 1267 1312 iu
1388 1285 1398 1294 -

64 1331 198 1421 gentibue.
246 1337 440 1412 Cuiusmodi
453 1342 590 1420 nomen?
630 1341 731 1428 Apud
745 1363 823 1420 ecs,
844 1341 900 1430 qui
920 1342 1139 1420 crediderunt,
1161 1341 1266 1411 Filius

63 1437 172 1520 quidem
186 1441 353 1520 Patrem
369 1441 572 1528 significans,
593 1443 680 1530 apud
693 1441 837 1518 Graecos
852 1445 962 1508 autem
982 1443 1061 1510 deus
1083 1445 1267 1510 ostenditur

62 1543 211 1610 creator.
258 1543 330 1614 Cur
343 1546 487 1632 cognitio
507 1569 573 1612 non
594 1545 713 1630 ubique
732 1545 895 1632 perlecta?
921 1546 995 1615 Hoc
1015 1546 1049 1612 in
1068 1545 1205 1613 hominis
1225 1545 1266 1608 li-

62 1637 122 1708 bero
135 1647 282 1731 positum
296 1651 350 1716 est
369 1648 519 1726 arbitrio,
549 1647 635 1734 quod
655 1647 753 1715 etiam
768 1647 864 1716 Plato
884 1649 1050 1735 agnoscit3
1086 1670 1161 1714 uam
1186 1647 1265 1712 deni
1286 1641 1288 1644 ’

61 1747 209 1833 nunquam
230 1754 286 1818 eet
306 1773 405 1818 cause
424 1751 592 1818 malorum.
638 1749 746 1832 Quam
768 1753 964 1818 sententiam
985 1753 1019 1816 et
1038 1750 1130 1838 lyrici
1150 1753 1265 1836 poetae
1330 1745 1340 1755 ”

62 1855 227 1932 agnoscunt
240 1856 278 1920 et
294 1853 421 1932 scenici,
436 1855 502 1920 imo
522 1853 649 1921 addunt
662 1853 891 1938 gravissimum
901 1853 1000 1930 illud,
1027 1875 1110 1930 eum,
1127 1851 1182 1940 qui
1202 1875 1267 1920 non

62 1951 155 2018 credat
168 1955 315 2032 veritati,
335 1955 476 2020 humana
490 1959 598 2022 autem
614 1955 762 2024 doctrine
777 1957 823 2022 sit
840 1956 990 2032 inflatus,
1020 1955 1172 2020 miserum
1194 1979 1266 2022 esse

61 2052 87 2114 et
98 2051 266 2124 infelicem.
312 2057 539 2140 Quodautem
563 2065 763 2148 coemeret,
791 2060 845 2144 qui
870 2059 1017 2135 credunt,
1044 2058 1266 2134 Metrodorus,

61 2159 191 2236 quamvis
203 2159 399 2248 Epicureus,
413 2160 520 2226 divine
531 2159 628 2225 dixit:
645 2157 857 2236 Memento;
869 2161 986 2250 inquit,
998 2160 1265 2240 Menestrate,
1398 2189 1400 2194 ·

62 2275 158 2338 quum
176 2263 233 2328 sis
250 2261 450 2339 mortalis,
473 2265 567 2328 teet
587 2261 709 2330 vitem
724 2253 926 2349 accepisse
947 2257 1203 2350 terminatam
1225 2267 1266 2330 et

61 2359 172 2430 anime
187 2366 420 2443 escendere,
434 2364 559 2432 donec
573 2363 746 2431 seculum
762 2367 804 2430 et
818 2387 944 2431 rerum
960 2365 1264 2433 viderieiniini-
1371 2456 1373 2460 Ι

61 2457 183 2544 tatem,
198 2471 281 2534 tam
296 2490 396 2554 quac
410 2467 547 2533 futura
563 2470 672 2544 sunt,
689 2489 801 2552 quam
817 2491 915 2552 quae
929 2467 1113 2546 fuerunt3
1136 2469 1265 2554 qnando

59 2579 118 2628 11111
131 2563 228 2636 choro
242 2569 340 2648 felici,
356 2591 396 2634 ex
411 2569 558 2636 Platonis
575 2555 753 2647 sententia,
774 2567 904 2638 beatem
919 2569 1074 2636 visionem
1097 2575 1265 2658 spectacu-

59 2657 172 2754 lumque
187 2672 494 2760 contemplabimur:
517 2695 577 2740 nos
597 2671 728 2761 quidem
742 2671 858 2740 Jovem
877 2676 1061 2758 sequentes,
1082 2673 1137 2740 alii
1156 2677 1265 2743 autem
1358 2706 1360 2712 ¹

58 2783 117 2834 tum
130 2771 191 2840 diis
207 2775 295 2854 aliie,
309 2778 344 2842 et
358 2775 547 2842 beatissima
559 2775 587 2842 si
601 2775 651 2840 fas
672 2777 725 2840 est
744 2775 866 2854 dicere,
888 2773 1045 2862 mysteria
1073 2797 1264 2862 peragemus

58 2885 87 2932 1ο
99 2872 347 2955 celebrabimus,
364 2876 430 2963 ipsi
449 2876 579 2965 quidem
598 2877 869 2962 integr-inullique
888 2879 1045 2949 malorum
1064 2878 1266 2964 perpessicni

58 2966 180 3056 obnoxii,
210 3000 424 3068 quaecunque
444 2978 616 3066 posteriori
634 2981 779 3066 tempore
805 3001 865 3044 nos
892 2981 1100 3062 manseruntr
1135 2980 1265 3066 integra
1310 3029 1313 3045 ο

59 3076 151 3144 entem
166 3083 201 3148 et
215 3082 329 3168 quiete
343 3081 414 3148 risa
429 3081 648 3169 adspicientes
663 3083 697 3146 et
711 3080 968 3167 contemplantes
983 3082 1018 3148 in
1028 3081 1099 3154 luce
1110 3105 1191 3168 pure
1200 3082 1264 3170 ipsi

58 3177 117 3255 Puri
131 3184 165 3247 et
177 3205 385 3275 nequequam
398 3185 459 3252 hoc
473 3183 653 3270 obsignati,
676 3183 762 3272 quod
781 3205 867 3250 nunc
881 3183 1144 3264 circumferentes
1160 3184 1263 3251 nomi-

58 3293 158 3350 nemus
168 3309 304 3376 corpus,
314 3277 380 3374 qno
394 3285 495 3355 ostrei
509 3286 614 3352 instar
628 3308 741 3354 sumus
762 3285 899 3372 alligati.
940 3285 1140 3373 Pythagorei
1155 3289 1264 3356 autem

56 3378 146 3450 celum
159 3389 331 3480 appellant
347 3391 537 3478 ἀντίχθονα,
550 3377 615 3454 ise.
631 3390 752 3456 terrem
767 3409 808 3454 ex
827 3389 962 3455 adverso
986 3387 1093 3458 eitam.
1118 3388 1179 3454 ‘In
1200 3413 1265 3478 qua

58 3476 147 3566 terre,
171 3492 397 3560 aitDcminus
413 3513 471 3579 per
489 3489 705 3567 Hieremiam,
742 3488 947 3558 collocabo
968 3494 1008 3556 te
1029 3491 1069 3558 in
1090 3490 1200 3558 filios
1223 3495 1263 3560 et

58 3577 143 3656 labo
169 3594 249 3663 tibi
278 3597 426 3662 terram
455 3591 638 3669 electam,
668 3591 961 3661 haereditatem
993 3593 1055 3660 dci
1084 3594 1262 3682 omnipo·

9 3711 10 3714 ’
58 3679 181 3774 tentis,
202 3689 319 3766 cuius
339 3695 408 3782 qui
433 3695 588 3762 fuerint
614 3693 823 3776 haeredes,
847 3697 964 3764 erunt
984 3715 1099 3782 reges
1120 3699 1261 3768 terrae.

59 3780 164 3864 Qualia
178 3821 280 3889 quum
293 3797 372 3865 mibi
385 3796 632 3866 innumerabilia
646 3796 710 3864 alie
725 3797 870 3875 effluant,
885 3800 924 3864 ut
938 3797 1066 3866 dicendi
1075 3796 1191 3864 modus
1207 3797 1262 3875 sit,

57 3881 217 3968 fincnviam
230 3901 395 3989 imponam
410 3899 485 3968 huic
504 3901 730 3993 disputationi,
752 3921 793 3969 ne
814 3899 849 3964 id
869 3900 963 3968 nobis
976 3921 1103 3986 quoque
1126 3898 1262 3978 accidet,

58 3995 567 4092 ‘luoddr'citAgathoTregicusr
758 3993 763 4003 ⁴

195 4104 273 4189 Qui
301 4111 456 4176 ceterae
486 4129 548 4174 ree
578 4107 623 4172 ut
652 4103 886 4193 potissimas
915 4099 1078 4179 hebent,
1152 4131 1155 4141 ν

196 4207 249 4276 nt
275 4210 526 4296 negligenter
554 4207 656 4294 quod
682 4204 925 4294 potissimum
955 4205 1175 4290 satagunt.

114 4303 235 4387 Quodsi
250 4311 373 4400 aperte,
400 4315 440 4380 ut
453 4311 604 4388 arbitror,
631 4307 802 4398 quomodo,
834 4305 919 4395 quod
938 4305 1048 4370 fures
1074 4327 1094 4370 a
1118 4304 1273 4398 Domino¹
1312 4355 1319 4363 -

61 4391 128 4470 dieti
140 4408 260 4482 fuerint
272 4413 403 4493 Graeci,
422 4411 671 4501 intelligendum
685 4410 741 4489 sit,
755 4409 1013 4482 demonstratum
1028 4409 1096 4485 est,
1122 4389 1261 4492 libenter

60 4494 198 4590 dogmat,
207 4517 471 4608 philosophorum
485 4515 721 4606 praetermitto.
757 4513 841 4579 Nem
857 4511 886 4577 si
896 4532 1006 4577 eorum
1021 4533 1148 4600 quoque
1162 4509 1261 4598 vejrbe

62 4616 319 4708 litaequcremur,
338 4643 416 4696 mox,
428 4617 732 4690 commentariorum
750 4613 1016 4687 innumerabilem
1037 4613 1258 4702 colligeremus

1009 4715 1056 4771 12*
